,Unnamed: 0,accession,samples-count,bioproject,is-private,last-update,secondary-accession,centre-name,study-name,data-origination,doi
0,0,MGYS00005333,244,PRJEB26832,False,2024-06-28T21:01:05,ERP108859,EMG,EMG produced TPA metagenomics assembly of the Gut microbial dysbiosis in young adults with obesity (Gut microbial dysbiosis in young adults with obesity) data set.,SUBMITTED,10.1093/nar/gkx967
1,1,MGYS00005230,915,PRJEB5729,False,2024-06-28T15:19:05,ERP005153,CCME-COLORADO,Flores_fecal_EBI,SUBMITTED,10.1186/s13059-014-0531-y
2,2,MGYS00002675,24,PRJEB25206,False,2024-05-28T16:10:03,ERP107102,EMBL-EBI,EMG produced TPA metagenomics assembly of the Oral microbiome Metagenome (human oral metagenome) data set.,SUBMITTED,10.1093/nar/gkx967
3,3,MGYS00006069,1098,PRJEB48911,False,2024-05-21T04:01:31,ERP133351,EMG,EMG produced TPA metagenomics assembly of PRJEB11419 data set (American Gut Project).,SUBMITTED,10.1093/nar/gkx967
4,4,MGYS00006006,419,PRJEB49206,False,2024-05-16T13:27:35,ERP133688,Stanford University School of Medicine,Extensive microbial novelty in the Hadza and Nepali gut microbiome reveals how lifestyle impacts composition and function,SUBMITTED,10.1371/journal.pbio.2005396
5,5,MGYS00002061,52,PRJEB22554,False,2024-05-13T20:09:07,ERP104235,EMBL-EBI,EMG produced TPA metagenomics assembly of the Increased intestinal microbial diversity following fecal microbiota transplant for active Crohn''s disease (human gut metagenome) data set,SUBMITTED,10.3389/fmicb.2020.00932
6,6,MGYS00000633,1563,PRJNA63661,False,2024-05-08T04:11:27,SRP001634,Broad Institute,Microbial composition of samples from infant gut,HARVESTED,10.1128/spectrum.01176-21
7,7,MGYS00002238,111,PRJNA362687,False,2024-05-02T19:59:51,SRP097646,Tongji University,Oral microbial changes in ASD children,HARVESTED,10.1038/s41598-018-19982-y
8,8,MGYS00006562,554,PRJEB65351,False,2024-04-24T15:40:21,ERP150486,EMG,EMG produced TPA metagenomics assembly of PRJEB54673 data set (Paediatric Oral Microbiome).,SUBMITTED,10.1093/nar/gkz1035
9,9,MGYS00005154,529,PRJEB3079,False,2024-04-11T19:25:08,ERP001500,CCME-COLORADO,Human gut microbiome viewed across age and geography,SUBMITTED,10.1016/j.csbj.2021.07.009
10,10,MGYS00006551,2043,PRJEB67738,False,2024-04-10T16:22:43,ERP152745,EMG,EMG produced TPA metagenomics assembly of PRJEB62473 data set (The INTEGRATE project).,SUBMITTED,10.1093/nar/gkz1035
11,11,MGYS00006649,20,PRJEB47694,False,2024-04-03T17:48:00,ERP131993,EMG,EMG produced TPA metagenomics assembly of PRJNA748214 data set (saliva samples Raw sequence reads).,SUBMITTED,10.1093/nar/gkx967
12,12,MGYS00006641,88,PRJEB43277,False,2024-03-28T13:09:42,ERP127228,EMG,EMG produced TPA metagenomics assembly of PRJNA547717 data set (human oral metagenome Raw sequence reads).,SUBMITTED,10.1093/nar/gkx967
13,13,MGYS00006642,57,PRJEB43278,False,2024-03-28T10:54:15,ERP127229,EMG,EMG produced TPA metagenomics assembly of PRJDB5315 data set (Metgenomic analysis of human saliva microbiome from healthy subjects).,SUBMITTED,10.1093/nar/gkx967
14,14,MGYS00006364,160,PRJEB49987,False,2024-03-28T09:36:00,ERP134534,EMG,EMG produced TPA metagenomics assembly of PRJEB36291 data set (Defining the oral microbiome by Whole Genome Sequencing and resistome analysis: the complexity of the healthy picture).,SUBMITTED,10.1093/nar/gkx967
15,15,MGYS00006640,82,PRJEB65451,False,2024-03-26T18:04:09,ERP150574,EMG,EMG produced TPA metagenomics assembly of PRJNA678453 data set (Species-specific gene expression of the oral microbiota in health and diesease).,SUBMITTED,10.1093/nar/gkz1035
16,16,MGYS00006639,18,PRJEB56857,False,2024-03-26T11:32:52,ERP141819,EMG,EMG produced TPA metagenomics assembly of PRJNA741688 data set (saliva metagenomic analysis of Crohn`s disease-related periodontitis).,SUBMITTED,10.1093/nar/gkx967
17,17,MGYS00000596,31903,PRJEB11419,False,2024-03-17T16:41:43,ERP012803,UCSDMI,American Gut Project,SUBMITTED,10.1371/journal.pcbi.1009838
18,18,MGYS00006636,48,PRJEB65452,False,2024-03-15T20:36:54,ERP150575,EMG,EMG produced TPA metagenomics assembly of PRJNA932553 data set (Oral microbiome in periodontitis).,SUBMITTED,10.1093/nar/gkz1035
19,19,MGYS00006366,24,PRJEB56435,False,2024-03-15T15:48:23,ERP141374,EMG,EMG produced TPA metagenomics assembly of PRJNA548383 data set (Subgingival Microbiome of Tobacco Cigarette Smokers with and without Periodontal Disease).,SUBMITTED,10.1093/nar/gkx967
20,20,MGYS00006635,60,PRJEB66073,False,2024-03-15T15:28:50,ERP151145,EMG,EMG produced TPA metagenomics assembly of PRJNA752888 data set (Longitudinal saliva bacteriome and early childhood caries).,SUBMITTED,10.1093/nar/gkz1035
21,21,MGYS00006631,65,PRJEB65450,False,2024-03-11T21:40:37,ERP150573,EMG,EMG produced TPA metagenomics assembly of PRJEB54966 data set (Papua New Guinean oral metagenomes).,SUBMITTED,10.1093/nar/gkz1035
22,22,MGYS00006619,43,PRJEB56742,False,2024-03-09T00:47:09,ERP141706,EMG,EMG produced TPA metagenomics assembly of PRJNA757683 data set (Apical Periodontitis).,SUBMITTED,10.1093/nar/gkx967
23,23,MGYS00006615,60,PRJEB56889,False,2024-03-09T00:07:03,ERP141857,EMG,EMG produced TPA metagenomics assembly of PRJNA380727 data set (human saliva metagenome Raw sequence reads).,SUBMITTED,10.1093/nar/gkx967
24,24,MGYS00006614,60,PRJEB56856,False,2024-03-08T23:16:36,ERP141818,EMG,EMG produced TPA metagenomics assembly of PRJNA470402 data set (human saliva metagenome Raw reads).,SUBMITTED,10.1093/nar/gkx967
25,25,MGYS00006618,30,PRJEB56572,False,2024-03-08T23:12:05,ERP141522,EMG,EMG produced TPA metagenomics assembly of PRJNA791464 data set (Oral saliva microorganisms in 3-year-old children with different caries risk).,SUBMITTED,10.1093/nar/gkx967
26,26,MGYS00006617,10,PRJEB56901,False,2024-03-08T18:32:12,ERP141871,EMG,EMG produced TPA metagenomics assembly of PRJDB10606 data set (Shotgun metagenome sequencing of saliva microbiome of MRONJ patients using HiSeq).,SUBMITTED,10.1093/nar/gkx967
27,27,MGYS00006616,23,PRJEB57339,False,2024-03-08T16:46:36,ERP142304,EMG,EMG produced TPA metagenomics assembly of PRJNA762218 data set (Salivary Microbiome in Adenoid Cystic Carcinoma).,SUBMITTED,10.1093/nar/gkx967
28,28,MGYS00006574,85,PRJEB64259,False,2024-02-06T05:21:54,ERP149395,EMG,EMG produced TPA metagenomics assembly of PRJEB42572 data set (Dental plaque microbiomes from hunter-gatherer and subsistence farmer populations in Cameroon).,SUBMITTED,10.1093/nar/gkz1035
29,29,MGYS00001988,260,PRJEB22359,False,2024-02-05T22:42:07,ERP104038,EMBL-EBI,EMG produced TPA metagenomics assembly of the Gut microbial succession follows acute secretory diarrhea in humans (cholera_succession) data set,SUBMITTED,10.1128/mbio.00381-15
30,30,MGYS00005023,122,PRJEB27122,False,2024-02-02T22:19:45,ERP109164,EMG,EMG produced TPA metagenomics assembly of the The gut microbiome in Crohn's disease and modulation by exclusive enteral nutrition (123CD-metagenomics) data set.,SUBMITTED,10.1093/nar/gkx967
31,31,MGYS00002425,387,PRJEB24849,False,2024-02-02T21:05:36,ERP106708,EMBL-EBI,EMG produced TPA metagenomics assembly of the Metagenomic sequencing of preterm infant gut microbiota raw sequence reads () data set.,SUBMITTED,10.1093/nar/gkx967
32,32,MGYS00003468,396,PRJEB25962,False,2024-01-23T15:36:44,ERP107929,EMG,EMG produced TPA metagenomics assembly of the A method for identifying metagenomic species and variable genetic elements by exhaustive co-abundance binning () data set.,SUBMITTED,10.1093/nar/gkx967
33,33,MGYS00005234,502,PRJEB6705,False,2024-01-23T14:40:52,ERP006342,CCME-COLORADO,Goodrich_TwinsUK_Miseq_2,SUBMITTED,10.1038/s41598-021-87365-x
34,34,MGYS00006067,171,PRJEB53137,False,2024-01-22T15:08:55,ERP137915,EMG,EMG produced TPA metagenomics assembly of PRJEB29127 data set (A causal role of the gut microbiome in schizophrenia).,SUBMITTED,10.1093/nar/gkx967
35,35,MGYS00001188,120,PRJNA313391,False,2024-01-17T06:14:54,SRP070925,Qingdao Municipal Hospital,Gastric microbiota of 120 samples Raw sequence reads,HARVESTED,10.3389/fmicb.2020.01548
36,36,MGYS00003511,102,PRJEB26924,False,2024-01-17T01:24:56,ERP108955,EMG,EMG produced TPA metagenomics assembly of the Integrated metabolomics and metagenomics analysis of plasma and urine identified microbial metabolites associated with coronary heart disease (CHD102-metagenomics) data set.,SUBMITTED,10.1093/nar/gkx967
37,37,MGYS00003619,764,PRJEB26925,False,2024-01-16T18:05:43,ERP108956,EMG,"EMG produced TPA metagenomics assembly of the A longitudinal analysis of the developing gut microbiome in infants from Finland, Estonia, and Russian Karelia (human gut metagenome) data set.",SUBMITTED,10.1093/nar/gkx967
38,38,MGYS00001189,408,PRJNA318004,False,2024-01-12T14:50:59,SRP073172,mothur,DNA from FIT can replace stool for microbiota-based colorectal,HARVESTED,10.3390/nu13072234
39,39,MGYS00001255,350,PRJNA307231,False,2024-01-12T14:01:54,SRP068240,IrsiCaixa Foundation,Human feces metagenome 16s rDNA sequencing,HARVESTED,10.3389/fcimb.2020.00434
40,40,MGYS00003575,123,PRJEB26165,False,2024-01-10T13:47:15,ERP108138,EMG,EMG produced TPA metagenomics assembly of the C.diff FMT (human gut metagenome) data set.,SUBMITTED,10.1093/nar/gkx967
41,41,MGYS00001075,1515,PRJEB5989,False,2024-01-09T22:38:22,ERP005437,CGS-GL,16S sequencing of Malawian children,SUBMITTED,10.1126/scitranslmed.aaa4877
42,42,MGYS00006553,82,PRJEB67980,False,2024-01-09T03:36:29,ERP152995,EMG,EMG produced TPA metagenomics assembly of PRJEB27928 data set (Meta-analysis of fecal metagenomes reveals global microbial signatures that are specific for colorectal cancer.).,SUBMITTED,10.1093/nar/gkz1035
43,43,MGYS00001278,820,PRJEB6518,False,2024-01-08T13:29:07,ERP006059,CCME-COLORADO,Host lifestyle affects human microbiota on daily timescales,SUBMITTED,10.1128/mbio.03281-20
44,44,MGYS00000580,75,PRJEB11846,False,2024-01-08T11:25:05,ERP013262,UNIVERSITY OF FLORENCE,Gut microbiota of Juvenile Idiopathic arthritis,SUBMITTED,10.3389/fmicb.2016.01703
45,45,MGYS00000501,233,PRJEB9365,False,2024-01-08T11:01:22,ERP010458,SMU,Gut microbiota of stroke patients differentiates from healthy controls,SUBMITTED,10.1038/s41598-019-46249-x
46,46,MGYS00001215,85,PRJNA306419,False,2024-01-08T09:40:05,SRP070699,Technical University of Denmark,Colonic transit time relates to bacterial metabolism and mucosal turnover in the gut,HARVESTED,
47,47,MGYS00001211,8,PRJNA326143,False,2024-01-05T09:30:27,SRP076746,Seoul National University,human gut metagenome Metagenome,HARVESTED,10.1186/s40101-016-0121-7
48,48,MGYS00006126,615,PRJNA542910,False,2024-01-04T11:49:22,SRP198412,Stanford University,Gut microbiota plasticity is correlated with sustained weight loss on a low-carb or low-fat dietary intervention,HARVESTED,
49,49,MGYS00006023,131,PRJNA787810,False,2024-01-04T11:43:42,SRP350207,Luxia Scientific,Observational Study on the Diagnostic Evaluation of the Intestinal Microbiota of Patients With COVID-19. (EDIFICE),HARVESTED,
50,50,MGYS00006121,42,PRJEB57228,False,2024-01-04T11:33:48,ERP142200,Quadram Institute Bioscience,Dietary intervention of people with Parkinson's disease,SUBMITTED,
51,51,MGYS00006226,67,PRJNA774891,False,2023-12-21T13:33:23,SRP343296,Technical Univeristy of Munich,Effects of Dietary Fiber Intervention on Gut Microbiota in Healthy People,HARVESTED,
52,52,MGYS00006225,115,PRJNA491813,False,2023-12-21T12:42:45,SRP165601,University of Vienna,Human intervention study: anthocyanins supplementation and the impacts on gut microbiota,HARVESTED,
53,53,MGYS00006224,100,PRJEB52848,False,2023-12-21T12:34:37,ERP137596,"WAGENINGEN UNIVERSITY, LABORATORY OF MICROBIOLOGY","The effect of nutritional intervention with lactoferrin, galactooligosacharides and vitamin D on the gut microbiota composition of healthy elderly women",SUBMITTED,
54,54,MGYS00006559,102,PRJNA752174,False,2023-12-21T11:28:40,SRP331280,"Institute of Microbiology, GuangdongAcademy of Sciences",Influence of gut microbiota on short-term low carbohydrate diet intervention for weight loss therapy,HARVESTED,
55,55,MGYS00005628,424,PRJEB6070,False,2023-10-09T15:24:44,ERP005534,EMBL - Germany,Potential of fecal microbiota for early stage detection of colorectal cancer,SUBMITTED,10.1371/journal.pcbi.1009838
56,56,MGYS00005360,184,PRJNA289586,False,2023-10-09T14:45:26,SRP072561,Luxembourg Centre for Systems Biomedicine,Human Gut Microbiome in a Multiplex Family Study of Type 1 Diabetes Mellitus,HARVESTED,10.3389/fped.2021.752250
57,57,MGYS00005253,606,PRJEB26618,False,2023-09-26T22:09:05,ERP108620,"NATIONAL HEART AND LUNG INSTITUTE, IMPERIAL COLLEGE LONDON",Early development of the airway microbiota in infants with cystic fibrosis,SUBMITTED,10.1136/bmjresp-2021-001106
58,58,MGYS00006431,24,PRJNA982880,False,2023-09-26T14:44:06,SRP442920,University of Alabama at Birmingham,The fungal intestinal microbiota predict the development of bronchopulmonary dysplasia,HARVESTED,
59,59,MGYS00006453,86,PRJNA811494,False,2023-09-06T12:44:03,SRP361980,Leibniz Institute for Natural Product Research and Infection Biology - Hans Knoell Institute (HKI),ITS2 and whole metagenomics from stool of human lung cancer patients from hungary,HARVESTED,
60,60,MGYS00006419,75,PRJNA859507,False,2023-09-03T13:10:07,SRP386769,The Second Affiliated Hospital of Fujian University of Traditional Chinese Medicine,Dynamic changes of intestinal flora and metabolic function in patients with postoperative pneumonia after lung cancer surgery,HARVESTED,
61,61,MGYS00006399,149,PRJNA805069,False,2023-09-03T03:10:49,SRP359154,"Sheba Medical Center, Tel-Hashomer, Israel.",Gut microbial signature in lung cancer patients highlights specific taxa as predictors for durable clinical benefit,HARVESTED,
62,62,MGYS00006394,47,PRJNA782662,False,2023-09-03T01:59:37,SRP347299,University of Trieste,Intestinal Akkermansia muciniphila predicts clinical response to PD-1 blockade in advanced non-small cell lung cancer patients.,HARVESTED,
63,63,MGYS00006380,79,PRJNA736821,False,2023-09-02T22:46:00,SRP323777,Zhejiang Chinese Medical University,Study of gut microbial diversity in lung cancer,HARVESTED,
64,64,MGYS00006365,68,PRJEB56431,False,2023-09-02T10:50:52,ERP141370,EMG,EMG produced TPA metagenomics assembly of PRJNA552294 data set (Subgingival metagenome of aggressive periodontitis).,SUBMITTED,10.1093/nar/gkx967
65,65,MGYS00006354,30,PRJNA668745,False,2023-09-02T03:44:29,SRP287767,Leibniz Institute for Natural Product Research and Infection Biology - Hans Knoll Institute,Gut microbiome is associated with exercise tolerance of resected early-stage lung cancer patients,HARVESTED,
66,66,MGYS00006353,37,PRJNA669372,False,2023-09-02T03:22:37,SRP287511,China Medical University,Gut and lung microbiota in RSV-infected mice and streptomycin-treatment mice,HARVESTED,
67,67,MGYS00006351,101,PRJNA665109,False,2023-09-02T02:51:50,SRP285044,MD Anderson Cancer Center,NEOSTAR Study: Non-small cell lung cancer treated with nivolumab or nivolumab plus ipilimumab,HARVESTED,
68,68,MGYS00006335,50,PRJNA586768,False,2023-09-01T21:01:35,SRP228286,Instituto Ramon y Cajal de Investigacion Sanitaria,Mycobiome characterization in Lung Cancer,HARVESTED,
69,69,MGYS00006333,26,PRJNA561567,False,2023-09-01T20:48:19,SRP219421,University of Arkansas for Medical Sciences,Stromal modulation through gastrointestinal microbial dysbiosis,HARVESTED,
70,70,MGYS00006320,392,PRJNA238324,False,2023-09-01T19:48:53,SRP039515,University of Colorado,Human airway Targeted Locus (Loci),HARVESTED,
71,71,MGYS00006286,91,PRJEB44169,False,2023-09-01T16:54:53,ERP128188,Korea Food Research Institute,Gut microbiome data of never-smoking subjects with lung adenocarcinoma,SUBMITTED,
72,72,MGYS00006307,22,PRJEB56428,False,2023-09-01T15:17:52,ERP141367,EMG,EMG produced TPA metagenomics assembly of PRJNA597465 data set (Species Level Characterization of Dental Plaque Associated Microbiome of Native Indian Children using Metagenome Sequencing).,SUBMITTED,10.1093/nar/gkx967
73,73,MGYS00006315,25,PRJEB56433,False,2023-09-01T13:25:52,ERP141372,EMG,EMG produced TPA metagenomics assembly of PRJNA508385 data set (Comparative metagenomics reveals taxonomically idiosyncratic yet functionally congruent communities in periodontitis).,SUBMITTED,10.1093/nar/gkx967
74,74,MGYS00006316,1,PRJEB56454,False,2023-09-01T13:08:40,ERP141402,EMG,EMG produced TPA metagenomics assembly of PRJEB10293 data set (Tongue metagenome from 9 healthy individuals.).,SUBMITTED,10.1093/nar/gkx967
75,75,MGYS00006314,1,PRJEB56303,False,2023-09-01T13:07:00,ERP141227,EMG,EMG produced TPA metagenomics assembly of PRJNA650272 data set (Microbiomes in supragingival biofilms and saliva of adolescent patients with provoked and naturally occurring gingivitis relative to gingival health).,SUBMITTED,10.1093/nar/gkx967
76,76,MGYS00006313,9,PRJEB53836,False,2023-09-01T12:45:46,ERP138652,EMG,EMG produced TPA metagenomics assembly of PRJNA528558 data set (oral metagenome Metagenome).,SUBMITTED,10.1093/nar/gkx967
77,77,MGYS00006306,3,PRJEB53834,False,2023-09-01T11:29:50,ERP138650,EMG,EMG produced TPA metagenomics assembly of PRJNA419274 data set (Alteration in the Oral microbiota of Indian Antartic expedition members during ship journey and stay at Antartica).,SUBMITTED,10.1093/nar/gkx967
78,78,MGYS00006280,84,PRJEB50377,False,2023-08-14T20:33:07,ERP134949,Centre de Recherche Cardio-Thoracique de Bordeaux,gut microbiota and ventilator-associated pneumonia,SUBMITTED,
79,79,MGYS00006292,70,PRJNA606061,False,2023-08-14T19:31:30,SRP248397,CRCHUM,Gut microbiome predicts efficacy and immune-related toxicities of advanced non-small cell lung cancer patients treated with anti-PD-1/PD-L1 Ab-based immunotherapy,HARVESTED,
80,80,MGYS00006282,256,PRJEB64264,False,2023-08-08T00:12:03,ERP149400,EMG,EMG produced TPA metagenomics assembly of PRJNA728374 data set (Gut microbiome responses to dietary intervention with hypocholesterolemic vegetable oils.).,SUBMITTED,10.1093/nar/gkz1035
81,81,MGYS00006283,20,PRJEB63102,False,2023-08-07T12:25:40,ERP148244,EMG,EMG produced TPA metagenomics assembly of PRJNA819247 data set (Infant gut microbiome Raw sequence reads).,SUBMITTED,10.1093/nar/gkz1035
82,82,MGYS00006276,90,PRJEB44168,False,2023-08-04T23:14:44,ERP128187,Korea Food Research Institute,Oral microbiome data of never-smoking subjects with lung adenocarcinoma,SUBMITTED,
83,83,MGYS00006267,102,PRJEB60915,False,2023-07-30T00:53:11,ERP145990,EMG,EMG produced TPA metagenomics assembly of PRJEB35524 data set (A low-digestibility protein supplementation during an energy-restricted diet reduces visceral fat and stimulates gut microbiota aminoacid metabolism in subjects with metabolic syndrome).,SUBMITTED,10.1093/nar/gkz1035
84,84,MGYS00006266,78,PRJEB60912,False,2023-07-29T15:38:45,ERP145987,EMG,EMG produced TPA metagenomics assembly of PRJEB17643 data set (A randomized trial of bread consumption: Personal glycemic responses and effects on clinical parameters and gut microbiome).,SUBMITTED,10.1093/nar/gkz1035
85,85,MGYS00006263,489,PRJEB28323,False,2023-07-29T14:53:07,ERP110514,"NATIONAL HEART AND LUNG INSTITUTE, IMPERIAL COLLEGE LONDON",The effect of RSV-A M37 infection on the respiratory microbiome of adults,SUBMITTED,
86,86,MGYS00005089,110,PRJEB33179,False,2023-07-21T03:12:42,ERP115949,EMG,EMG produced TPA metagenomics assembly of the PRJNA397112 data set (Indian Human Gut Microbiome).,SUBMITTED,10.1093/nar/gkx967
87,87,MGYS00006258,204,PRJNA907500,False,2023-07-20T23:58:22,SRP410968,Digbi Health,Longitudinal changes in gut microbiome are associated with BMI: insights from a digital therapeutics-based intervention,HARVESTED,
88,88,MGYS00006218,156,PRJNA600080,False,2023-07-20T11:31:16,SRP240962,University of Alberta,IBD and gut microbiome,HARVESTED,
89,89,MGYS00006215,134,PRJNA414683,False,2023-07-18T12:53:35,SRP120250,Massey University,Habitual dietary fibre intake and gut microbiota responsiveness,HARVESTED,
90,90,MGYS00006220,167,PRJNA781978,False,2023-07-18T11:40:31,SRP347452,Rush University,Microbiota Brain Axis in Alzheimers Disease MIND Diet Induced Effects,HARVESTED,
91,91,MGYS00006223,58,PRJNA633107,False,2023-07-18T11:40:03,SRP261866,Sanford Burnham Prebys Medical Discovery Institute,"Modulatory Effects of Triphala and Manjistha Dietary Supplementation on Human Gut Microbiota: A Double-Blind, Randomized, Placebo-Controlled Pilot Study",HARVESTED,
92,92,MGYS00006222,76,PRJEB35687,False,2023-07-18T11:38:12,ERP118779,Competence Center of Food and Fermentation Technologies,Gut microbiome alterations after high-fat low-carbohydrate weight reduction diet: pros and cons,SUBMITTED,
93,93,MGYS00000575,114,PRJEB11694,False,2023-07-18T11:25:17,ERP013102,Universita degli studi di Milano,Dietary intervention with a probiotic Bifidobacterium modulates dominant bacterial taxa in an enterotype-dependent fashion and normalizes butyrate levels in the gut of healthy adults,SUBMITTED,10.1128/aem.01753-16
94,94,MGYS00006122,283,PRJNA202975,False,2023-07-18T11:23:59,SRP023503,Shanghai Jiao Tong University,Gut microbiota after dietary intervention,HARVESTED,
95,95,MGYS00006245,27,PRJEB60911,False,2023-07-14T18:37:28,ERP145986,EMG,"EMG produced TPA metagenomics assembly of PRJNA340216 data set (Gut microbiota and metagenomic diversity of omnivore, vegetarian and vegan healthy subjects).",SUBMITTED,10.1093/nar/gkz1035
96,96,MGYS00006242,88,PRJNA810015,False,2023-06-23T13:23:30,SRP361296,Laval University,Dietary interventions rapidly affect gut microbiota diversity and function and the host lipid mediator response in a healthy population,HARVESTED,
97,97,MGYS00006217,428,PRJNA597342,False,2023-06-19T11:13:16,SRP299525,National Institute of Arthritis and Musculoskeletal and Skin Diseases,"Gut microbiome of infants at 3, 6, and 12 months of age, with different dietary interventions. Raw sequence reads",HARVESTED,
98,98,MGYS00006124,103,PRJEB35853,False,2023-06-19T10:53:28,ERP118975,NUS,Gut microbiome composition after spices intervention,SUBMITTED,
99,99,MGYS00006221,46,PRJEB39062,False,2023-06-12T20:56:20,ERP122530,University of Cagliari,Impact of a moderate caloric restriction on the gut microbiota composition and diversity of Italian obese patients,SUBMITTED,
100,100,MGYS00006219,50,PRJEB53018,False,2023-06-12T15:33:39,ERP137776,UNIVERSITY OF HELSINKI,Healthy Finnish controls,SUBMITTED,
101,101,MGYS00000526,30,PRJEB10296,False,2023-06-12T15:12:15,ERP011526,Universita degli studi di Milano,Modulation of dyslipidemic children fecal microbial ecosystem by dietary intervention with hazelnuts as source of unsaturated fatty acids.,SUBMITTED,
102,102,MGYS00006144,120,PRJEB56464,False,2023-04-20T19:34:05,ERP141414,EMG,"EMG produced TPA metagenomics assembly of PRJNA725899 data set (Metagenomic sequencing of wild rodent colon, cecum and faeces).",SUBMITTED,10.1093/nar/gkx967
103,103,MGYS00006125,93,PRJNA745281,False,2023-03-17T12:03:48,SRP327903,Genome and Stem Cell Center,Gut microbiome of IBS patients with personalized dietary intervention,HARVESTED,
104,104,MGYS00006120,176,PRJNA398089,False,2023-03-09T10:35:56,SRP115494,Harvard T.H. Chan School of Public Health,Longitudinal Multi'omics of the Human Microbiome in Inflammatory Bowel Disease,HARVESTED,10.1038/s41586-022-04648-7
105,105,MGYS00006119,200,PRJNA661289,False,2023-03-09T10:34:55,SRP279984,University of Bologna,MIMS Environmental/Metagenome sample from human gut metagenome,HARVESTED,
106,106,MGYS00006102,21,PRJEB55708,False,2023-03-04T05:57:18,ERP140636,EMG,EMG produced TPA metagenomics assembly of PRJEB44042 data set (Kefir ameliorates specific microbiota-gut-brain axis impairments in a mouse model relevant to autism spectrum disorder).,SUBMITTED,10.1093/nar/gkx967
107,107,MGYS00006004,20,PRJEB50343,False,2023-03-03T19:10:06,ERP134914,Latvian Biomedical Research and Study Centre,Research of extracellular vesicle content from gut microbiome and its’ role in cancer development by applying gut on chip system,SUBMITTED,
108,108,MGYS00006076,100,PRJEB55607,False,2022-11-17T12:07:38,ERP140519,Quadram Institute Bioscience,The effect of dietary bioactive on gut microbiome diversity (DIME) – a pilot study,SUBMITTED,
109,109,MGYS00006027,385,PRJEB52249,False,2022-07-25T09:42:18,ERP136943,EMG,EMG produced TPA metagenomics assembly of PRJNA530339 data set (Shotgun Metagenomics of 361 post-menopause women reveals gut microbiome change along with the bone loss).,SUBMITTED,10.1093/nar/gkx967
110,110,MGYS00005202,1185,PRJEB29239,False,2022-07-07T23:15:58,ERP111526,New horizon health technology Co. ltd,using fecal microbiota composition as a non-invasive diagnostic tool to classify colorectal carcinoma and adenoma.,SUBMITTED,
111,111,MGYS00006024,20,PRJNA630035,False,2022-06-06T13:48:52,SRP291976,"University of Rome ""Foro Italico""",Lifestyles and gut microbiome composition,HARVESTED,
112,112,MGYS00006017,53,PRJNA750902,False,2022-05-13T17:22:15,SRP330744,Humanitas Research Hospital,The salivary microbiome of COVID-19 inpatients and outpatients,HARVESTED,
113,113,MGYS00006016,106,PRJNA703303,False,2022-05-13T16:48:31,SRP307447,Zhejiang University,The gut microbiome 16s rDNA sequencing data of patients with COVID-19,HARVESTED,10.1136/gutjnl-2021-324090
114,114,MGYS00006013,212,PRJNA747262,False,2022-04-29T19:20:38,SRP328679,University Hospital Essen,Gut microbiome linked to SARS-CoV-2 infection and COVID-19 severity,HARVESTED,
115,115,MGYS00006012,45,PRJDB12349,False,2022-04-29T15:28:44,DRP008009,"Division of Infectious Diseases, Advanced Clinical Research Center, Institute of medical science, The University of Tokyo",microbiome analysis for patietns with COVID-19,HARVESTED,
116,116,MGYS00002020,38,PRJEB22391,False,2022-04-14T17:06:30,ERP104071,EMBL-EBI,EMG produced TPA metagenomics assembly of the Metagenome sequencing of the Hadza hunter-gatherer gut microbiota. (human gut metagenome) data set,SUBMITTED,10.1038/s41522-021-00248-x
117,117,MGYS00002012,24,PRJEB22498,False,2022-04-14T14:21:14,ERP104179,EMBL-EBI,"EMG produced TPA metagenomics assembly of the metagenome fecal microbiota, Ilumina seq reads of 12 individuals at 2 timepoints (EKmeta) data set",SUBMITTED,10.1128/msystems.00137-21
118,118,MGYS00006008,16,PRJEB51828,False,2022-04-11T09:21:25,ERP136476,EMG,EMG produced TPA metagenomics assembly of PRJEB3227 data set (Follow-up of faecal microbiota in IBS patients).,SUBMITTED,10.1093/nar/gkx967
119,119,MGYS00005805,35,PRJEB43961,False,2022-04-08T15:07:49,ERP127951,EMG,EMG produced TPA metagenomics assembly of PRJEB1690 data set (This is a metagenomic study to investigate the microbial community and metabolic functions of Korean twin pairs.).,SUBMITTED,10.1093/nar/gkx967
120,120,MGYS00006005,76,PRJNA795857,False,2022-03-24T11:37:01,SRP354185,Soonchunhyang University,Characterization of the faecal microbiome of osteoporotic patients in Koreans,HARVESTED,
121,121,MGYS00005176,750,PRJNA390646,False,2022-03-16T13:30:34,SRP109293,"Evolve Biosystems, Inc",Infant Microbiota and Probiotic Intake Study (IMPRINT),HARVESTED,10.1186/s13756-019-0583-6
122,122,MGYS00005236,486,PRJEB6702,False,2022-03-15T12:12:56,ERP006339,CCME-COLORADO,Human genetics shape the gut microbiome,SUBMITTED,10.1038/s41598-021-87365-x
123,123,MGYS00005979,1,PRJEB43247,False,2022-02-28T12:22:00,ERP127195,EMG,EMG produced TPA metagenomics assembly of PRJNA623799 data set (marine metagenome Genome sequencing and assembly).,SUBMITTED,10.1093/nar/gkx967
124,124,MGYS00002024,2,PRJEB22501,False,2022-02-25T16:55:52,ERP104182,EMBL-EBI,EMG produced TPA metagenomics assembly of the Gut microbial metabolism shifts towards a more toxic profile with supplementary iron in a kinetic model of the human large intestine (TIM2_iron_study) data set,SUBMITTED,10.3389/fmicb.2015.01481
125,125,MGYS00005860,291,PRJNA301903,False,2021-12-02T17:51:56,SRP069019,Washington University in St. Louis,Metagenomic sequencing of preterm infant gut microbiota raw sequence reads,HARVESTED,10.1038/nmicrobiol.2016.24
126,126,MGYS00005839,1,PRJEB48479,False,2021-11-09T13:22:34,ERP132851,EMG,EMG produced TPA metagenomics assembly of PRJNA655119 data set (Metatranscriptome sequencing of the extended simplified human intestinal microbiota (SIHUMIx)).,SUBMITTED,10.1093/nar/gkx967
127,127,MGYS00005840,1,PRJNA655119,False,2021-11-09T13:08:20,SRP276638,Georg-August-University Goettingen,Metatranscriptome sequencing of the extended simplified human intestinal microbiota (SIHUMIx),HARVESTED,10.1186/s40168-020-00981-z
128,128,MGYS00002045,325,PRJEB22528,False,2021-10-22T18:11:17,ERP104209,EMBL-EBI,EMG produced TPA metagenomics assembly of the Microbial composition of samples from infant gut (human gut metagenome) data set,SUBMITTED,10.1128/spectrum.01176-21
129,129,MGYS00001981,5,PRJEB22393,False,2021-10-21T23:17:10,ERP104073,EMBL-EBI,EMG produced TPA metagenomics assembly of the Library preparation methodology can influence genomic and functional predictions in human microbiome research (human gut metagenome) data set,SUBMITTED,10.1073/pnas.1519288112
130,130,MGYS00005820,5,PRJNA298489,False,2021-10-21T18:54:42,SRP064913,Human Longevity Inc,Library preparation methodology can influence genomic and functional predictions in human microbiome research,HARVESTED,10.1073/pnas.1519288112
131,131,MGYS00005816,69,PRJEB41655,False,2021-10-20T08:44:05,ERP125466,EMG,EMG produced TPA metagenomics assembly of PRJEB8347 data set (Temporal and technical variability of human gut metagenomes).,SUBMITTED,10.1093/nar/gkx967
132,132,MGYS00001985,184,PRJEB22368,False,2021-10-18T13:28:35,ERP104047,EMBL-EBI,EMG produced TPA metagenomics assembly of the Human Gut Microbiome in a Multiplex Family Study of Type 1 Diabetes Mellitus (human gut metagenome) data set,SUBMITTED,10.3389/fped.2021.752250
133,133,MGYS00005817,69,PRJEB8347,False,2021-10-17T23:23:37,ERP009422,EMBL - Germany,Temporal and technical variability of human gut metagenomes,SUBMITTED,10.15252/msb.20177589
134,134,MGYS00005815,198,PRJEB41718,False,2021-10-17T23:01:19,ERP125543,EMG,EMG produced TPA metagenomics assembly of PRJEB6070 data set (Potential of fecal microbiota for early stage detection of colorectal cancer).,SUBMITTED,10.1093/nar/gkx967
135,135,MGYS00005813,24,PRJEB43589,False,2021-10-12T11:26:02,ERP127558,EMG,EMG produced TPA metagenomics assembly of PRJNA407905 data set (Human saliva Metagenomes).,SUBMITTED,10.1093/nar/gkx967
136,136,MGYS00005814,23,PRJNA407905,False,2021-10-12T09:49:54,SRP118345,UNIVERSITY OF ALICANTE,Human saliva Metagenomes,HARVESTED,
137,137,MGYS00005812,9,PRJEB43624,False,2021-10-12T09:46:22,ERP127599,EMG,EMG produced TPA metagenomics assembly of PRJNA216965 data set (Dental Calculus Metagenome (archaeological)).,SUBMITTED,10.1093/nar/gkx967
138,138,MGYS00005808,8,PRJEB43627,False,2021-10-08T19:20:52,ERP127602,EMG,EMG produced TPA metagenomics assembly of PRJNA309322 data set (Pediatric MLI metagenome).,SUBMITTED,10.1093/nar/gkx967
139,139,MGYS00005809,7,PRJNA309322,False,2021-10-08T18:40:24,SRP068619,University of Ottawa,Pediatric MLI metagenome,HARVESTED,10.1186/s40168-016-0176-z
140,140,MGYS00005806,34,PRJEB1690,False,2021-10-08T16:37:35,ERP002391,SNU,This is a metagenomic study to investigate the microbial community and metabolic functions of Korean twin pairs.,SUBMITTED,10.1186/s40168-019-0774-7
141,141,MGYS00005795,64,PRJEB44032,False,2021-10-07T09:29:26,ERP128033,EMG,EMG produced TPA metagenomics assembly of PRJEB23524 data set (WGS data from FMT trial for the treatment of recurrent Clostridium difficile infection).,SUBMITTED,10.1093/nar/gkx967
142,142,MGYS00005793,4,PRJEB43974,False,2021-10-07T02:34:50,ERP127968,EMG,EMG produced TPA metagenomics assembly of PRJNA510036 data set (Fecal transplant influence on healthy volunteers).,SUBMITTED,10.1093/nar/gkx967
143,143,MGYS00005794,3,PRJNA510036,False,2021-10-07T02:17:36,SRP173438,RCPCM,Fecal transplant influence on healthy volunteers,HARVESTED,10.1128/msystems.00811-21
144,144,MGYS00005791,200,PRJEB43973,False,2021-10-07T02:12:16,ERP127967,EMG,EMG produced TPA metagenomics assembly of PRJNA385949 data set (Longitudinal Stool Study of patients with IBD and controls).,SUBMITTED,10.1093/nar/gkx967
145,145,MGYS00005792,199,PRJNA385949,False,2021-10-06T12:12:40,SRP108708,Broad Institute,Longitudinal Stool Study of patients with IBD and controls,HARVESTED,10.1186/s12864-021-08004-3
146,146,MGYS00005767,6,PRJEB45311,False,2021-09-27T17:56:57,ERP129398,EMG,EMG produced TPA metagenomics assembly of PRJNA648297 data set (Remarkably low relative abundance of several Bifidobacterium species in the altered intestinal microbiota of Helicobacter pylori infected patients with gastric ulcer and gastric cancer).,SUBMITTED,10.1093/nar/gkx967
147,147,MGYS00005768,6,PRJNA648297,False,2021-07-27T22:30:52,SRP274074,Rajiv Gandhi Centre for Biotechnology,Remarkably low relative abundance of several Bifidobacterium species in the altered intestinal microbiota of Helicobacter pylori infected patients with gastric ulcer and gastric cancer,HARVESTED,10.3389/fmicb.2021.631140
148,148,MGYS00005762,14,PRJEB43818,False,2021-07-27T19:59:21,ERP127786,EMG,EMG produced TPA metagenomics assembly of PRJNA508395 data set (Nanopore long read assembly of the human gut metagenome).,SUBMITTED,10.1093/nar/gkx967
149,149,MGYS00005763,13,PRJNA508395,False,2021-07-27T19:20:40,SRP178190,Stanford University,Nanopore long read assembly of the human gut metagenome,HARVESTED,10.1038/s41587-020-0422-6
150,150,MGYS00005755,202,PRJNA510730,False,2021-06-28T16:49:35,SRP173877,University of Rome Tor Vergata,Microbiota composition of Parkinson's disease patients in southern Italy,HARVESTED,10.1371/journal.pone.0260451
151,151,MGYS00005742,158,PRJDB5860,False,2021-06-07T13:48:32,DRP004306,"Lab. of Microbial Technology, Faculty of Agriculture, Kyushu University",Asian Microbiome Project,HARVESTED,10.1007/s13205-020-02265-7
152,152,MGYS00005735,40,PRJEB40229,False,2021-05-20T11:00:50,ERP123843,DEPARTMENT OF ZOOLOGY,Gut-microbiome of Tuberculosis patients,SUBMITTED,
153,153,MGYS00005729,3,PRJEB42466,False,2021-03-31T16:25:26,ERP126326,LUXEMBOURG CENTRE FOR SYSTEMS BIOMEDICINE,Critical Assessment of Metaproteome Investigation (CAMPI): a Multi-Lab Comparison of Established Workflows,SUBMITTED,
154,154,MGYS00005702,121,PRJEB42213,False,2021-02-10T20:46:49,ERP126051,EMG,EMG produced TPA metagenomics assembly of PRJNA389280 data set (Human gut metagenome and metatranscriptome in the inflammatory bowel disease (iHMP/HMP2)).,SUBMITTED,10.1093/nar/gkx967
155,155,MGYS00005697,36,PRJEB42319,False,2021-01-19T00:20:47,ERP126158,EMG,EMG produced TPA metagenomics assembly of PRJDB4115 data set (Metgenomic analysis of human saliva microbiome from healthy subjects).,SUBMITTED,10.1093/nar/gkx967
156,156,MGYS00005698,35,PRJDB4115,False,2021-01-18T22:38:51,DRP003804,"Laboratory of Metagenomics, Graduate School of Frontier Sciences, The University of Tokyo",Metgenomic analysis of human saliva microbiome from healthy subjects,HARVESTED,10.1098/rstb.2019.0573
157,157,MGYS00005321,530,PRJEB29015,False,2021-01-12T11:18:44,ERP111281,EMG,EMG produced TPA metagenomics assembly of the Gut and Oral Microbiome Dysbiosis in Rheumatoid Arthritis (RA) data set.,SUBMITTED,10.1093/nar/gkx967
158,158,MGYS00005693,56,PRJEB41354,False,2021-01-07T15:15:46,ERP125117,EMG,EMG produced TPA metagenomics assembly of PRJEB28422 data set (The Salivary Microbiome in Health and Disease).,SUBMITTED,10.1093/nar/gkx967
159,159,MGYS00005694,56,PRJEB28422,False,2021-01-03T21:32:36,ERP110622,EMBL,The Salivary Microbiome in Health and Disease,SUBMITTED,10.1038/s41467-020-14422-w
160,160,MGYS00005679,61,PRJEB41218,False,2020-12-25T19:41:37,ERP124958,EMG,EMG produced TPA metagenomics assembly of PRJNA649273 data set (Kidney stone patient microbiome).,SUBMITTED,10.1093/nar/gkx967
161,161,MGYS00005684,33,PRJEB41785,False,2020-12-24T13:25:35,ERP125620,EMG,EMG produced TPA metagenomics assembly of PRJNA628604 data set (Oral capsulized Fecal microbiota transplantation for eradication of carbapenemase-producing Enterobacteriaceae colonization with a metagenomic perspective).,SUBMITTED,10.1093/nar/gkx967
162,162,MGYS00005685,31,PRJNA628604,False,2020-12-24T09:39:11,SRP258728,Technion - Israel Institute of Technology,Oral capsulized Fecal microbiota transplantation for eradication of carbapenemase-producing Enterobacteriaceae colonization with a metagenomic perspective,HARVESTED,10.1093/cid/ciaa737
163,163,MGYS00005657,15,PRJEB41181,False,2020-11-24T18:35:50,ERP124921,EMG,EMG produced TPA metagenomics assembly of PRJEB19090 data set (Potential and active functions in the gut microbiota of a healthy human cohort).,SUBMITTED,10.1093/nar/gkx967
164,164,MGYS00005652,4,PRJEB40836,False,2020-11-17T19:05:30,ERP124518,EMG,EMG produced TPA metagenomics assembly of PRJNA542280 data set (Oral Microbiome in Fanconi Anemia).,SUBMITTED,10.1093/nar/gkx967
165,165,MGYS00005656,3,PRJNA542280,False,2020-11-17T18:58:23,SRP197549,University of Minnesota,Oral Microbiome in Fanconi Anemia,HARVESTED,
166,166,MGYS00005651,4,PRJEB40715,False,2020-11-17T18:52:20,ERP124374,EMG,EMG produced TPA metagenomics assembly of PRJNA78025 data set (Human Oral Subgingival Plaque Microbiome).,SUBMITTED,10.1093/nar/gkx967
167,167,MGYS00005655,4,PRJNA78025,False,2020-11-17T18:40:42,SRP018108,Center for Bioinformatics and Computational Biology,Human Oral Subgingival Plaque Microbiome,HARVESTED,10.1098/rstb.2019.0573
168,168,MGYS00005619,72,PRJEB39906,False,2020-11-10T23:08:23,ERP123477,EMG,EMG produced TPA metagenomics assembly of PRJEB8094 data set (The initial state of the human gut microbiome determines its reshaping by antibiotics).,SUBMITTED,10.1093/nar/gkx967
169,169,MGYS00005601,260,PRJEB30615,False,2020-10-19T10:42:56,ERP113090,Furtwangen University,Identification of Intestinal Bacterial Taxa with a Potential Role in Parkinsons Disease using Illumina MiSeq and Ion Torrent Next Generation Sequencing,SUBMITTED,10.1038/s41531-021-00156-z
170,170,MGYS00005594,61,PRJNA649273,False,2020-09-07T20:32:49,SRP276112,University of Western Ontario,Kidney stone patient microbiome,HARVESTED,
171,171,MGYS00005592,160,PRJEB36291,False,2020-08-20T23:43:34,ERP119456,UNIVERSITA' DEGLI STUDI DI FERRARA,Defining the oral microbiome by Whole Genome Sequencing and resistome analysis: the complexity of the healthy picture,SUBMITTED,10.1186/s12866-020-01801-y
172,172,MGYS00005591,100,PRJEB39250,False,2020-08-20T17:46:41,ERP122744,VETERINARY Faculty,Strongyle Infection and Gut Microbiota: Profiling of Resistant and Susceptible Horses Over a Grazing Season,SUBMITTED,10.3389/fphys.2018.00272
173,173,MGYS00005585,25,PRJEB39244,False,2020-08-17T19:42:41,ERP122737,EMG,EMG produced TPA metagenomics assembly of PRJEB11511 data set (Assembly of a 5300-year-old Helicobacter pylori genome from the intestine content of the tyrollean glacier mummy).,SUBMITTED,10.1093/nar/gkx967
174,174,MGYS00005586,24,PRJEB11511,False,2020-08-17T18:01:09,ERP012908,UNIVERSITY KIEL,Assembly of a 5300-year-old Helicobacter pylori genome from the intestine content of the tyrollean glacier mummy,SUBMITTED,10.1126/science.aad2545
175,175,MGYS00005583,18,PRJNA177883,False,2020-08-14T14:57:18,SRP017459,Texas A&M University,equine gut metagenome Targeted Locus,HARVESTED,10.1186/1746-6148-8-231
176,176,MGYS00005569,71,PRJNA625082,False,2020-07-28T18:12:23,SRP256368,Marine Biological Laboratory,"human oral microbiome, metagenomic assembly",HARVESTED,10.1128/msphere.00162-21
177,177,MGYS00005529,1,PRJNA429136,False,2020-06-21T10:07:35,SRP132034,UNC Charlotte,Human sigmoid colon mucosal biopsy metagenomes in cohort with and without diverticula,HARVESTED,10.1038/s41598-018-23023-z
178,178,MGYS00005528,506,PRJDB7124,False,2020-06-21T10:01:50,DRP004359,KYUSHU,Population-based study on tongue microbiota composition of Japanese elderly adults,HARVESTED,
179,179,MGYS00005252,550,PRJEB26607,False,2020-06-21T09:46:59,ERP108609,UNIVERSITY OF CALIFORNIA BERKELEY,Deciphering microbial interactions in synthetic human gut microbiome communities,SUBMITTED,10.15252/msb.20178157
180,180,MGYS00005259,914,PRJNA428736,False,2020-06-21T08:51:46,SRP128128,mothur,Dynamics of human gut microbiota and metabolites in response to prebiotic interventions,HARVESTED,10.1186/s40168-020-00894-x
181,181,MGYS00005173,1384,PRJNA417357,False,2020-06-21T08:38:19,SRP124475,University of Copenhagen,Infant (COPSAC) feces microbiome Raw sequence reads,HARVESTED,10.1038/s41467-017-02573-2
182,182,MGYS00005258,513,PRJNA368739,False,2020-06-21T07:34:25,SRP097785,UCLA,METSIM gut microbiome,HARVESTED,10.1038/s41588-020-00763-1
183,183,MGYS00005239,838,PRJNA232731,False,2020-06-21T06:48:08,SRP043574,University of Florida,DIPP Stool Metagenome,HARVESTED,10.1186/s12864-016-2377-z
184,184,MGYS00005526,541,PRJEB27868,False,2020-06-14T15:01:53,ERP110005,UNIVERSITY OF BRITISH COLUMBIA,Stunted childhood growth is associated with decompartmentalization of the gastrointestinal tract and overgrowth of oropharyngeal taxa,SUBMITTED,10.1038/s41467-021-27191-x
185,185,MGYS00005505,850,PRJNA352060,False,2020-06-14T14:18:57,SRP092421,Alkek Center for Metagenomics and Microbiome Research,Longitudinal microbiome analyses of acute myelogenous leukemia patients during induction chemotherapy,HARVESTED,10.1128/msphere.00048-20
186,186,MGYS00005506,722,PRJNA399163,False,2020-06-14T14:15:15,SRP115814,Jackson Laboratory Genomic Medicine,Chemotherapy Induced Oral Mucositis and Microbiome,HARVESTED,10.1177/0022034520915879
187,187,MGYS00000646,22,PRJNA260846,False,2020-06-14T14:04:18,SRP047083,Microbiome Quality Control Project Consortium,Microbiome Quality Control Project - 16S,HARVESTED,10.1128/aem.00520-16
188,188,MGYS00005509,651,PRJNA269954,False,2020-06-14T13:27:03,SRP056002,Broad Institute,"Paired mucosal j-pouch and afferent limb samples from postoperative ulcerative colitis and familial ademonatous polyposis patients from Mount Sinai Hospital, Toronto. Samples were collected during pouch endoscopy and 16S sequenced.",HARVESTED,10.3389/fgene.2020.00148
189,189,MGYS00005144,57,PRJEB35170,False,2020-05-28T19:23:56,ERP118185,EMG,EMG produced TPA metagenomics assembly of PRJEB20800 data set (Gut resistome modulates resilience and recovery of gut microbiota after broad-spectrum antibiotic treatment).,SUBMITTED,10.1093/nar/gkx967
190,190,MGYS00005516,55,PRJEB20800,False,2020-05-28T18:09:50,ERP022986,BGI,Gut resistome modulates resilience and recovery of gut microbiota after broad-spectrum antibiotic treatment,SUBMITTED,10.3389/fmicb.2020.01376
191,191,MGYS00005189,530,PRJDB7737,False,2020-05-23T08:06:55,DRP004640,UIUC,Anaerobic microbial community enriched with amino acids,HARVESTED,
192,192,MGYS00005445,16,PRJEB31434,False,2020-05-22T08:50:29,ERP113995,EMG,EMG produced TPA metagenomics assembly of the PRJNA385126 data set (viral metagenome Metagenome).,SUBMITTED,10.1093/nar/gkx967
193,193,MGYS00005443,33,PRJEB31435,False,2020-05-22T08:48:24,ERP113996,EMG,EMG produced TPA metagenomics assembly of the PRJEB22882 data set (Taxonomic and gene content analysis of the bacterial viral metagenomes from the oral cavity from healthy youngsters in Valencia).,SUBMITTED,10.1093/nar/gkx967
194,194,MGYS00005425,40,PRJEB32232,False,2020-05-22T08:36:05,ERP114883,EMG,EMG produced TPA metagenomics assembly of the PRJNA392180 data set (Seasonal Cycling in the Gut Microbiome of the Hadza Hunter-Gatherers of Tanzania).,SUBMITTED,10.1093/nar/gkx967
195,195,MGYS00005446,15,PRJNA385126,False,2020-05-22T02:50:26,SRP106048,APC Microbiome Institute,viral metagenome Metagenome,HARVESTED,10.1128/mra.00273-21
196,196,MGYS00005444,32,PRJEB22882,False,2020-05-22T02:50:04,ERP104599,FISABIO,Taxonomic and gene content analysis of the bacterial viral metagenomes from the oral cavity from healthy youngsters in Valencia,SUBMITTED,10.1371/journal.pone.0191867
197,197,MGYS00005426,39,PRJNA392180,False,2020-05-22T02:23:16,SRP110665,Stanford University,Seasonal Cycling in the Gut Microbiome of the Hadza Hunter-Gatherers of Tanzania,HARVESTED,10.1038/s41522-021-00248-x
198,198,MGYS00005392,71,PRJEB31446,False,2020-05-22T02:15:18,ERP114010,EMG,EMG produced TPA metagenomics assembly of the PRJEB7772 data set (An analysis of the composition of viruses and bacteria in stool samples from IBD patients and healthy controls.).,SUBMITTED,10.1093/nar/gkx967
199,199,MGYS00005390,21,PRJEB31570,False,2020-05-22T02:14:05,ERP114141,EMG,EMG produced TPA metagenomics assembly of the PRJEB8249 data set (Bariatric surgery induces long-term changes on the gut metagenome contributing to fat mass regulation).,SUBMITTED,10.1093/nar/gkx967
200,200,MGYS00005388,17,PRJEB31576,False,2020-05-22T02:13:20,ERP114147,EMG,EMG produced TPA metagenomics assembly of the PRJEB8245 data set (Metagenomic sequencing revealed altered microbiota in microscopic colitis).,SUBMITTED,10.1093/nar/gkx967
201,201,MGYS00005411,61,PRJEB33242,False,2020-05-22T01:37:38,ERP116015,EMG,EMG produced TPA metagenomics assembly of the PRJEB9524 data set (Expanded Enteric Virome and Altered Bacterial Microbiome in Acquired Immunodeficiency Syndrome).,SUBMITTED,10.1093/nar/gkx967
202,202,MGYS00005412,60,PRJEB9524,False,2020-05-22T00:51:47,ERP010635,WASHINGTON UNIVERSITY  SCHOOL OF MEDICINE,Expanded Enteric Virome and Altered Bacterial Microbiome in Acquired Immunodeficiency Syndrome,SUBMITTED,10.1128/mra.00273-21
203,203,MGYS00003576,10,PRJEB26164,False,2020-05-22T00:47:59,ERP108137,EMG,"EMG produced TPA metagenomics assembly of the Strain-level typing, community shifts and evidence of co-infection derived from metagenomic investigation of two Salmonella outbreaks () data set.",SUBMITTED,10.1093/nar/gkx967
204,204,MGYS00005399,110,PRJEB33766,False,2020-05-22T00:23:56,ERP116584,EMG,EMG produced TPA metagenomics assembly of the PRJNA485056 data set (Metagenomic sequencing of stool samples from rural communities from north-eastern Madagascar).,SUBMITTED,10.1093/nar/gkx967
205,205,MGYS00005400,109,PRJNA485056,False,2020-05-21T22:09:44,SRP156699,University of Trento,Metagenomic sequencing of stool samples from rural communities from north-eastern Madagascar,HARVESTED,10.1038/s41522-021-00248-x
206,206,MGYS00005393,10,PRJEB33329,False,2020-05-21T22:08:23,ERP116113,EMG,EMG produced TPA metagenomics assembly of the PRJEB9818 data set (The gut DNA viromes of Malawian twins discordant for severe acute undernutrition).,SUBMITTED,10.1093/nar/gkx967
207,207,MGYS00005394,9,PRJEB9818,False,2020-05-21T21:59:24,ERP010965,WUSL,The gut DNA viromes of Malawian twins discordant for severe acute undernutrition,SUBMITTED,10.1073/pnas.1514285112
208,208,MGYS00005391,20,PRJEB8249,False,2020-05-21T21:53:22,ERP009310,CHALMERS,Bariatric surgery induces long-term changes on the gut metagenome contributing to fat mass regulation,SUBMITTED,10.1016/j.cmet.2015.07.009
209,209,MGYS00005389,16,PRJEB8245,False,2020-05-21T21:50:11,ERP009306,CHALMERS,Metagenomic sequencing revealed altered microbiota in microscopic colitis,SUBMITTED,10.1136/gutjnl-2014-308956
210,210,MGYS00005377,124,PRJEB31588,False,2020-05-21T20:49:33,ERP114158,EMG,"EMG produced TPA metagenomics assembly of the PRJNA231909 data set (A prospective, longitudinal analysis of the developing gut microbiome in infants en route to type 1 diabetes).",SUBMITTED,10.1093/nar/gkx967
211,211,MGYS00003477,150,PRJEB26167,False,2020-05-21T15:57:16,ERP108140,EMG,EMG produced TPA metagenomics assembly of the human gut metagenome Metagenome (human gut metagenome) data set.,SUBMITTED,10.1093/nar/gkx967
212,212,MGYS00005387,9,PRJNA356225,False,2020-05-21T15:50:29,SRP095060,The First Affiliated Hospital of Chongqing Medical University,human gut metagenome Metagenome,HARVESTED,10.1186/s40168-018-0520-6
213,213,MGYS00005373,188,PRJEB31850,False,2020-05-21T15:48:59,ERP114461,EMG,EMG produced TPA metagenomics assembly of the PRJEB12124 data set (Gut microbiome-dependent stratification of patients for anti-diabetic treatment).,SUBMITTED,10.1093/nar/gkx967
214,214,MGYS00005375,249,PRJEB31778,False,2020-05-21T15:43:18,ERP114377,EMG,EMG produced TPA metagenomics assembly of the PRJEB9576 data set (Shotgun Metagenomics of 250 Adult Twins Reveals Genetic and Environmental Impacts on the Gut Microbiome).,SUBMITTED,10.1093/nar/gkx967
215,215,MGYS00003481,1155,PRJEB26926,False,2020-05-21T10:36:55,ERP108957,EMG,EMG produced TPA metagenomics assembly of the Human gut metagenome and metatranscriptome raw sequence reads. (256318) data set.,SUBMITTED,10.1093/nar/gkx967
216,216,MGYS00005381,220,PRJEB33719,False,2020-05-21T03:45:46,ERP116533,EMG,EMG produced TPA metagenomics assembly of the PRJNA300541 data set (Antibiotic resistance exchange between microbiota in resource-poor settings in Latin America).,SUBMITTED,10.1093/nar/gkx967
217,217,MGYS00005382,220,PRJNA300541,False,2020-05-19T22:59:56,SRP066479,Washington University in St. Louis,Antibiotic resistance exchange between microbiota in resource-poor settings in Latin America,HARVESTED,10.1038/nature17672
218,218,MGYS00005378,124,PRJNA231909,False,2020-05-19T22:40:14,SRP056054,Broad Institute,"A prospective, longitudinal analysis of the developing gut microbiome in infants en route to type 1 diabetes",HARVESTED,10.1186/s12866-021-02321-z
219,219,MGYS00005376,248,PRJEB9576,False,2020-05-19T22:38:43,ERP010700,BGI,Shotgun Metagenomics of 250 Adult Twins Reveals Genetic and Environmental Impacts on the Gut Microbiome,SUBMITTED,10.3389/fmicb.2021.740990
220,220,MGYS00005374,187,PRJEB12124,False,2020-05-19T22:38:00,ERP013563,BGI,Gut microbiome-dependent stratification of patients for anti-diabetic treatment,SUBMITTED,10.1128/mbio.03628-20
221,221,MGYS00003510,19,PRJEB26908,False,2020-05-18T00:58:44,ERP108939,EMG,EMG produced TPA metagenomics assembly of the Gut microbiota of 10 pairs of Chinese infant twins (Gut microbiota of 10 pairs of Chinese infant twins) data set.,SUBMITTED,10.1093/nar/gkx967
222,222,MGYS00003487,30,PRJEB26857,False,2020-05-18T00:17:49,ERP108880,EMG,EMG produced TPA metagenomics assembly of the Oral microbiome samples from the Philippines (Phillipines oral microbiome) data set.,SUBMITTED,10.1093/nar/gkx967
223,223,MGYS00001983,22,PRJEB22365,False,2020-05-17T23:46:16,ERP104044,EMBL-EBI,EMG produced TPA metagenomics assembly of the Pediatric Fecal Metagenome (human gut metagenome) data set,SUBMITTED,10.1038/s42003-019-0545-9
224,224,MGYS00001982,154,PRJEB22362,False,2020-05-17T23:37:55,ERP104041,EMBL-EBI,EMG produced TPA metagenomics assembly of the stool samples Raw sequence reads (stool) data set,SUBMITTED,10.1186/s40168-017-0333-z
225,225,MGYS00005285,369,PRJEB30046,False,2020-05-17T23:01:35,ERP112428,EMG,EMG produced TPA metagenomics assembly of the A metagenome-wide association study of gut microbiota in type 2 diabetes. (gut metagenome) data set.,SUBMITTED,10.1093/nar/gkx967
226,226,MGYS00005359,22,PRJNA215106,False,2020-05-17T21:18:48,SRP029439,Washington University in St. Louis,Pediatric Fecal Metagenome,HARVESTED,10.1038/s42003-019-0545-9
227,227,MGYS00005358,94,PRJNA363080,False,2020-05-17T20:55:17,SRP098507,Inova Translational Medicine Institute,stool samples Raw sequence reads,HARVESTED,10.1186/s40168-017-0333-z
228,228,MGYS00002038,91,PRJEB22519,False,2020-05-17T20:38:43,ERP104200,EMBL-EBI,EMG produced TPA metagenomics assembly of the Roux-en-Y gastric bypass surgery of morbidly obese patients shows swift and persistent changes of the individual gut microbiota (GBP) data set,SUBMITTED,
229,229,MGYS00005357,57,PRJNA268964,False,2020-05-17T19:38:25,SRP052307,University of Oklahoma,Human Gut Microbiome Metagenome,HARVESTED,10.3390/microorganisms10020459
230,230,MGYS00002050,19,PRJEB22538,False,2020-05-17T19:37:49,ERP104219,EMBL-EBI,EMG produced TPA metagenomics assembly of the Rapid evolution of the human gut virome (human gut metagenome) data set,SUBMITTED,10.1186/s40168-018-0410-y
231,231,MGYS00001987,27,PRJEB22389,False,2020-05-17T19:14:41,ERP104069,EMBL-EBI,EMG produced TPA metagenomics assembly of the Human gastric microbiome metagenome (human gut metagenome) data set,SUBMITTED,10.1186/s13059-015-0821-z
232,232,MGYS00005356,2,PRJNA297869,False,2020-05-17T19:13:41,SRP064526,Weill Cornell Medical College,Human gastric microbiome metagenome,HARVESTED,10.1186/s13059-015-0821-z
233,233,MGYS00005355,14,PRJNA196801,False,2020-05-17T19:06:13,SRP021107,University of Pennsylvania,Rapid evolution of the human gut virome,HARVESTED,10.1186/s40168-018-0410-y
234,234,MGYS00005354,38,PRJNA278393,False,2020-05-17T19:05:23,SRP056480,University of Bologna,Metagenome sequencing of the Hadza hunter-gatherer gut microbiota.,HARVESTED,10.1038/s41522-021-00248-x
235,235,MGYS00002334,52,PRJEB24534,False,2020-05-17T18:55:27,ERP106364,EMBL-EBI,EMG produced TPA metagenomics assembly of the Metagenomes from human infant fecal samples with and without necrotizing enterocolitis (human gut metagenome) data set.,SUBMITTED,10.1093/nar/gkx967
236,236,MGYS00003536,3,PRJEB26491,False,2020-05-17T18:15:45,ERP108482,EMG,EMG produced TPA metagenomics assembly of the human gut and groundwater harbor non-photosynthetic bacteria (metagenome) data set.,SUBMITTED,10.1093/nar/gkx967
237,237,MGYS00003653,168,PRJEB29103,False,2020-05-17T16:30:08,ERP111376,EMG,EMG produced TPA metagenomics assembly of the human gut metagenome in RA (human gut metagenome) data set.,SUBMITTED,10.1093/nar/gkx967
238,238,MGYS00005351,62,PRJNA356102,False,2020-05-17T13:58:19,SRP094805,Realbio,human gut metagenome in RA,HARVESTED,
239,239,MGYS00005350,52,PRJNA321058,False,2020-05-17T13:06:40,SRP075633,The Broad Institute,Increased intestinal microbial diversity following fecal microbiota transplant for active Crohn''s disease,HARVESTED,10.3389/fmicb.2020.00932
240,240,MGYS00005347,17,PRJNA273761,False,2020-05-17T12:58:51,SRP052967,"Banfield Lab, University of California, Berkeley",Metagenomes from human infant fecal samples with and without necrotizing enterocolitis,HARVESTED,10.1128/spectrum.01176-21
241,241,MGYS00005327,80,PRJEB33795,False,2020-05-17T12:12:18,ERP116614,EMG,EMG produced TPA metagenomics assembly of the PRJNA477326 data set (Identification of bloodstream pathogens in the gut microbiome).,SUBMITTED,10.1093/nar/gkx967
242,242,MGYS00005346,79,PRJNA477326,False,2020-05-17T11:22:59,SRP150988,"Department of Medicine, Stanford University",Identification of bloodstream pathogens in the gut microbiome,HARVESTED,10.3390/pathogens9030204
243,243,MGYS00005341,102,PRJEB15111,False,2020-05-17T10:03:25,ERP016813,BGI,Integrated metabolomics and metagenomics analysis of plasma and urine identified microbial metabolites associated with coronary heart disease,SUBMITTED,10.1038/srep22525
244,244,MGYS00005340,744,PRJNA290380,False,2020-05-17T09:58:05,SRP090628,The Broad Institute,"A longitudinal analysis of the developing gut microbiome in infants from Finland, Estonia, and Russian Karelia",HARVESTED,10.1038/s41522-021-00265-w
245,245,MGYS00005339,3,PRJEB12669,False,2020-05-17T09:56:52,ERP014167,Shenzhen Following Precision Medical Research Institute,Gut microbiota of 10 pairs of Chinese infant twins,SUBMITTED,10.1371/journal.pone.0161627
246,246,MGYS00005338,244,PRJEB12123,False,2020-05-17T09:56:00,ERP013562,BGI,Gut microbial dysbiosis in young adults with obesity,SUBMITTED,10.1128/mbio.03628-20
247,247,MGYS00005336,123,PRJNA240307,False,2020-05-15T22:05:06,SRP040146,Broad Institute,C.diff FMT,HARVESTED,
248,248,MGYS00002309,15,PRJEB24355,False,2020-05-15T15:26:37,ERP106171,EMBL-EBI,EMG produced TPA metagenomics assembly of the The antibiotic resistance potential of the preterm infant gut microbiome measured using shotgun metagenomics. (Antibiotic resistance within the preterm infant gut.) data set.,SUBMITTED,10.1186/s12864-018-4870-z
249,249,MGYS00005281,290,PRJEB29588,False,2020-05-14T12:19:16,ERP111902,EMG,EMG produced TPA metagenomics assembly of the Richness of human gut microbiome correlates with metabolic markers (MetaHIT-Richness) data set.,SUBMITTED,10.1093/nar/gkx967
250,250,MGYS00002019,400,PRJEB22360,False,2020-05-12T09:30:31,ERP104039,EMBL-EBI,EMG produced TPA metagenomics assembly of the Dynamics and Stabilization of the Human Gut Microbiome during the First Year of Life (InfantGut) data set,SUBMITTED,10.1371/journal.pone.0244876
251,251,MGYS00005218,192,PRJNA480312,False,2020-05-10T12:53:35,SRP152889,National Institute of Standards and Technology,16S rRNA Marker-gene survey Two-sample titration dataset,HARVESTED,10.1186/s40168-020-00812-1
252,252,MGYS00005219,615,PRJNA471742,False,2020-05-06T01:24:51,SRP148278,Arivale Inc.,A Multi-Omic Association Study of Trimethylamine N-Oxide,HARVESTED,10.1016/j.csbj.2021.12.036
253,253,MGYS00005213,727,PRJNA437539,False,2020-05-06T01:23:08,SRP136303,Shanghai Tenth People's Hospital,human gut metagenome Raw sequence reads,HARVESTED,
254,254,MGYS00005314,876,PRJNA485316,False,2020-05-02T02:23:59,SRP158570,University of Michigan,Fecal microbiota of patients over time at one long-term acute care hospital,HARVESTED,10.1093/cid/ciy796
255,255,MGYS00005198,801,PRJNA516932,False,2020-05-02T02:23:31,SRP181937,Northern Arizona University,Effects of ursodeoxycholic acid on the gut microbiome and colorectal adenoma development.,HARVESTED,10.3390/nu13072234
256,256,MGYS00005223,767,PRJNA419038,False,2020-05-02T02:22:32,SRP126884,Stanford University,Simple statistical identification and removal of contaminant sequences in marker-gene and metagenomics data,HARVESTED,10.1186/s40168-018-0605-2
257,257,MGYS00005207,802,PRJNA318535,False,2020-05-02T01:48:49,SRP073335,UCSD,Raw sequence reads,HARVESTED,10.1186/s40168-016-0187-9
258,258,MGYS00005203,832,PRJEB20022,False,2020-04-29T20:40:35,ERP022127,uBiome,16S rRNA gene sequencing and healthy reference ranges for 28 clinically relevant microbial taxa from the human gut microbiome,SUBMITTED,10.1371/journal.pone.0176555
259,259,MGYS00005211,665,PRJNA283106,False,2020-04-29T20:33:15,SRP058088,University College Cork,Composition and temporal stability of the gut microbiota in older persons,HARVESTED,10.1371/journal.pone.0237207
260,260,MGYS00005197,1319,PRJNA427101,False,2020-04-26T13:05:31,SRP128931,Center for Genomic Regulation,Human oral microbiome of Spanish adolescents,HARVESTED,10.1186/s40168-018-0592-3
261,261,MGYS00005192,1816,PRJNA414072,False,2020-04-26T13:04:47,SRP119890,University College Cork,Human faecal 16S Raw sequence reads,HARVESTED,10.1136/gutjnl-2020-321106
262,262,MGYS00005225,1207,PRJNA436359,False,2020-04-26T13:04:04,SRP165757,Harvard T.H. Chan School of Public Health,Gut microbial factors implicated in disease progression and treatment response in pediatric ulcerative colitis,HARVESTED,10.1038/s41467-018-07841-3
263,263,MGYS00005195,1016,PRJNA234437,False,2020-04-20T15:47:12,SRP042023,University of Maryland,GEMS diarrheal case/control study Targeted Locus (Loci),HARVESTED,10.1186/s12864-015-1819-3
264,264,MGYS00005191,1537,PRJNA418765,False,2020-04-20T13:59:01,SRP125127,University of Michigan Medical School Host Microbiome Initiative,Microbiota of Ustekinumab-treated Crohn's subjects.,HARVESTED,10.1128/mbio.02120-17
265,265,MGYS00005184,1557,PRJEB14839,False,2020-04-08T12:46:45,ERP016515,UNIVERSITY OF TORONTO,Association of host genome with intestinal microbial composition in a large healthy cohort,SUBMITTED,10.1371/journal.pone.0260451
266,266,MGYS00005190,1993,PRJNA396815,False,2020-02-18T13:08:42,SRP136041,Hangzhou Guhe Information and Technology Company,An optimized model for screening colorectal cancer established using large-scale experimental sequence-based faecal microbial community data,HARVESTED,
267,267,MGYS00001186,207,PRJNA311224,False,2020-02-10T10:13:05,SRP070464,University of Minnesota,Capsule Patients,HARVESTED,10.1038/s41598-021-84152-6
268,268,MGYS00005159,464,PRJNA290926,False,2020-02-10T10:11:06,SRP062005,University of Michigan,Microbiome analysis complements fecal occult blood test for improved detection,HARVESTED,10.1371/journal.pcbi.1009838
269,269,MGYS00005235,487,PRJEB9205,False,2020-02-10T09:56:47,ERP010289,SNU,16S rRNA gene sequences of human gut microbiota,SUBMITTED,10.3389/fcimb.2017.00516
270,270,MGYS00005247,443,PRJDB4998,False,2020-02-09T17:10:12,DRP003338,YAKULT_CENTRAL,Fecal microbiota of Japanese healthy adults,HARVESTED,10.1186/s12866-016-0898-x
271,271,MGYS00005128,1197,PRJEB34871,False,2020-02-04T14:43:01,ERP117839,CENTRE FOR ECOLOGY AND HYDROLOGY,Predicting antibiotic resistance in clinical infections caused by Enterobacterales from aggregated population-level taxonomy-adjusted AMR estimates derived from quantitative metagenomic analysis of pooled human faecal samples,SUBMITTED,10.1016/j.eclinm.2021.100910
272,272,MGYS00005282,292,PRJEB4336,False,2020-01-22T18:30:38,ERP003612,BGI,Richness of human gut microbiome correlates with metabolic markers,SUBMITTED,10.1128/mbio.03628-20
273,273,MGYS00005143,7403,PRJNA362643,False,2019-12-13T16:44:55,SRP126946,Stanford University,Distinct spatial patterns of bacterial diversity shaped by salivary flow on tooth surfaces in humans,HARVESTED,10.1038/s41467-018-02900-1
274,274,MGYS00005147,1955,PRJEB5482,False,2019-12-10T16:56:13,ERP004898,CGS-GL,Persistent gut microbiota immaturity in malnourished Bangladeshi children,SUBMITTED,10.1016/j.csbj.2020.08.028
275,275,MGYS00005142,4357,PRJEB11697,False,2019-12-07T07:43:23,ERP013105,WASHINGTON UNIVERSITY CENTER FOR GENOME SCIENCES,Characterizing postnatal co-development of the gut microbiota and mucosal IgA responses in healthy twin pairs and a gnotobiotic mouse model,SUBMITTED,10.1038/nature17940
276,276,MGYS00005133,1412,PRJNA445346,False,2019-11-28T21:41:25,SRP137015,Mayo Clinic,16S rRNA gene amplicon sequencing of patients with colorectal cancer,HARVESTED,10.3389/fgene.2021.787176
277,277,MGYS00005131,20,PRJEB35214,False,2019-11-18T10:29:47,ERP118234,ICMR-National Institute of Cholera and Enteric Diseases,Metagenomics of gut microbiome from diarrheal samples,SUBMITTED,
278,278,MGYS00005130,115,PRJEB30401,False,2019-11-14T18:41:31,ERP112853,University of Cagliari,Gut Microbiome Alterations Drive Distinct Metabolic Expression Patterns in a Cohort of Italian Patients with Parkinson's Disease,SUBMITTED,10.3390/biom11020144
279,279,MGYS00005129,300,PRJEB27564,False,2019-11-14T17:11:09,ERP109659,UH/IB,Gut microbiota in Parkinson's disease: temporal stability and disease progression,SUBMITTED,10.1016/j.csbj.2021.12.036
280,280,MGYS00001299,1,PRJNA203399,False,2019-11-07T16:56:08,SRP022894,"P&G Innovation Center, Beijing",Oral tongue plaque Metagenome,HARVESTED,
281,281,MGYS00002262,2,PRJNA257562,False,2019-11-07T16:56:06,SRP045295,"Qibebt,CAS,China",Human oral microbiome associated with OC regiment,HARVESTED,10.1128/mbio.03281-20
282,282,MGYS00002159,21,PRJNA391236,False,2019-11-07T16:56:03,SRP110002,Aarhus University,Subgingival microbiome of from patients suffering from periodontitis and liver cirrhosis,HARVESTED,10.1038/s41598-018-28905-w
283,283,MGYS00003719,21,PRJNA419453,False,2019-11-07T16:56:01,SRP125475,Peking University Health Science Center,microbial community diversities of subgingival plaque of 9 subjects,HARVESTED,10.3389/fcimb.2020.577485
284,284,MGYS00002395,68,PRJNA416501,False,2019-11-07T16:55:59,SRP123221,Universite de Rennes 1,Hemoparo,HARVESTED,10.1038/s41598-018-33813-0
285,285,MGYS00002394,20,PRJNA271538,False,2019-11-07T16:55:54,SRP051741,Peking University School and Hospital of Stomatology,Subgingival plaque and peri-implant biofilm,HARVESTED,
286,286,MGYS00002274,10,PRJNA335630,False,2019-11-07T16:55:52,SRP080750,Medical University of Graz,human oral metagenome Metagenome,HARVESTED,10.3389/fmicb.2016.02142
287,287,MGYS00002272,40,PRJNA292354,False,2019-11-07T16:55:50,SRP073270,UCLA School of Dentistry,healthy and stomatitis denture microbiome,HARVESTED,10.1128/msphere.00215-16
288,288,MGYS00002269,147,PRJNA289294,False,2019-11-07T16:55:48,SRP062274,Academic Centre for Dentistry Amsterdam,Subgingival microbiome Metagenome,HARVESTED,10.3389/fcimb.2021.663756
289,289,MGYS00002257,1,PRJNA244164,False,2019-11-07T16:55:46,SRP041078,University of Otago,Dental Plaque 16s rRNA v6 amplicons,HARVESTED,10.7717/peerj.2095
290,290,MGYS00002229,100,PRJNA269205,False,2019-11-07T16:55:44,SRP051201,University of Florida,Human oral subgingival communities,HARVESTED,10.1128/aem.00462-17
291,291,MGYS00002224,101,PRJNA324274,False,2019-11-07T16:55:42,SRP077982,Universidade de Sao Paulo,human oral metagenome Raw sequence reads,HARVESTED,10.3389/fcimb.2021.663756
292,292,MGYS00002173,224,PRJNA274944,False,2019-11-07T16:55:40,SRP060310,National Tsing Hua University,Subgingival samples from Healthy / Periodontitis subjects Targeted Locus (Loci),HARVESTED,10.3389/fmicb.2016.01945
293,293,MGYS00001300,14,PRJNA239461,False,2019-11-07T16:55:38,SRP038999,University of Connecticut,Influence of DNA extraction on oral microbial profiles obtained via 16S rRNA gene sequencing- Supragingival plaque,HARVESTED,10.3402/jom.v6.23990
294,294,MGYS00002362,61,PRJNA421952,False,2019-11-07T16:55:34,SRP127972,FISABIO,Combined analysis of the salivary microbiome and host defence peptides predicts dental disease,HARVESTED,10.1038/s41598-018-20085-x
295,295,MGYS00002361,136,PRJNA421776,False,2019-11-07T16:55:32,SRP126531,University of Wisconsin-Madison,Exercise frequency is associated with the oral microbiota of student athletes and non-athletes,HARVESTED,10.1186/s12967-020-02291-2
296,296,MGYS00002277,89,PRJNA413647,False,2019-11-07T16:55:31,SRP119591,Zhejiang Chinese Medical University,Oral microbiome of young adults,HARVESTED,10.1097/md.0000000000024742
297,297,MGYS00002260,1,PRJNA253625,False,2019-11-07T16:55:18,SRP043625,Research and Testing Laboratory,Human saliva Targeted Locus (Loci),HARVESTED,
298,298,MGYS00002259,45,PRJNA247490,False,2019-11-07T16:55:16,SRP042281,University of Naples Federico II,Human saliva microbiota Targeted Locus (Loci),HARVESTED,
299,299,MGYS00002256,161,PRJNA236367,False,2019-11-07T16:55:14,SRP035877,univ. di napoli federico II - dipartimento di agraria,"Omnivorous, vegetarian and vegan saliva Targeted Locus (Loci)",HARVESTED,10.1371/journal.pone.0112373
300,300,MGYS00002246,39,PRJNA196250,False,2019-11-07T16:55:12,SRP020623,University of Connecticut,Transplantation-associated long-term immunosuppression promotes oral colonization by potentially opportunistic pathogens without impacting other members of the salivary bacteriome,HARVESTED,
301,301,MGYS00002231,17,PRJNA261765,False,2019-11-07T16:55:10,SRP047405,Northwest University for Nationalities,Saliva in oral cavity Targeted Locus (Loci),HARVESTED,
302,302,MGYS00002230,56,PRJNA306560,False,2019-11-07T16:55:08,SRP067603,University of Oklahoma,Human oral saliva Metagenome,HARVESTED,10.1038/s41368-019-0045-2
303,303,MGYS00002221,20,PRJNA261274,False,2019-11-07T16:55:06,SRP047310,Northwest University for Nationalities,microbial diversity on human oral cavity,HARVESTED,
304,304,MGYS00002209,43,PRJDB2355,False,2019-11-07T16:55:04,DRP002300,"Section of Preventive and Public Health Dentistry, Kyushu University Faculty of Dental Science",Identification of salivary microbiota associated with oral malodor using 16S pyrosequencing,HARVESTED,
305,305,MGYS00002186,14,PRJNA227796,False,2019-11-07T16:55:01,SRP033022,CIBIO,Human Saliva Microbiome,HARVESTED,
306,306,MGYS00002261,10,PRJNA256234,False,2019-11-07T16:55:00,SRP044888,DNA-technology,Teeth bacterium Metagenome,HARVESTED,
307,307,MGYS00002234,206,PRJNA282991,False,2019-11-07T16:54:57,SRP058027,University of Washington,"UW - Children''s Health Cohort, Adult Participant''s Buccal Oral Microbiomes, 16S rDNA V5V6 PCR Sequences",HARVESTED,10.1038/jes.2014.12
308,308,MGYS00002219,80,PRJNA362794,False,2019-11-07T16:54:54,SRP097643,"Ninth People's Hospital, School of Medicine, Shanghai Jiao Tong University",human oral  metagenome Raw sequence reads,HARVESTED,10.2147/cmar.s251021
309,309,MGYS00002276,2,PRJNA388022,False,2019-11-07T16:54:52,SRP108107,Faculty of pharmacy Suez Canal university,molecular charactarization of endodontic infection in humans,HARVESTED,
310,310,MGYS00002273,50,PRJNA326888,False,2019-11-07T16:54:49,SRP077498,Medical University of Graz,human oral metagenome Raw sequence reads,HARVESTED,
311,311,MGYS00002270,1,PRJNA306796,False,2019-11-07T16:54:47,SRP067717,Peking University School of Stomatology,"plaque, saliva, tongue coating metagenome",HARVESTED,
312,312,MGYS00002268,4,PRJNA284168,False,2019-11-07T16:54:45,SRP058400,Kunming Institute of Zoology Chinese Academy of Sciences,Human-associated samples Metagenome,HARVESTED,10.1186/s12864-016-2891-z
313,313,MGYS00002267,140,PRJNA278076,False,2019-11-07T16:54:43,SRP056328,Children's National Medical Center,Human Oral Swabs Raw sequence reads,HARVESTED,10.1371/journal.pone.0131615
314,314,MGYS00002266,39,PRJNA271580,False,2019-11-07T16:54:41,SRP051689,Queen Mary University of London,Development and pyrosequencing analysis of an in-vitro oral biofilm model,HARVESTED,10.1186/s12866-015-0364-1
315,315,MGYS00002265,26,PRJNA267644,False,2019-11-07T16:54:40,SRP050196,ACTA,Microcosm Targeted Locus (Loci),HARVESTED,
316,316,MGYS00002263,38,PRJNA261560,False,2019-11-07T16:54:38,SRP047369,Northwest University for Nationalities,Saliva of human Targeted Locus (Loci),HARVESTED,
317,317,MGYS00002258,1,PRJNA239444,False,2019-11-07T16:54:36,SRP041092,The Ohio State University,Human current and never smokers,HARVESTED,10.1038/ismej.2014.114
318,318,MGYS00002249,11,PRJNA238283,False,2019-11-07T16:54:34,SRP038908,University of Malaya,Human oral metagenome,HARVESTED,
319,319,MGYS00002248,26,PRJNA232543,False,2019-11-07T16:54:31,SRP034724,The West China Hospital of Stomatology,Oral microbiome of leukemia patients,HARVESTED,10.1371/journal.pone.0102116
320,320,MGYS00002237,40,PRJNA352375,False,2019-11-07T16:54:27,SRP093358,Temple University,Species within oral squamous cell carcinoma and control tissues -  Metagenome,HARVESTED,10.1038/s41598-017-02079-3
321,321,MGYS00002236,12,PRJNA267483,False,2019-11-07T16:54:25,SRP049918,Jazan University,Oral Bacterial Metagenome - Young Healthy Arabs,HARVESTED,10.3402/jom.v8.31444
322,322,MGYS00002233,103,PRJNA394711,False,2019-11-07T16:54:23,SRP112540,Trinity College Dublin,Microbiome of Oral Leukoplakia,HARVESTED,10.3389/fmicb.2017.02391
323,323,MGYS00002232,44,PRJNA380711,False,2019-11-07T16:54:21,SRP103050,"Affiliated Hospital of Stomatology, College of Medicine, Zhejiang University",human oral metagenome,HARVESTED,10.1128/msystems.00450-19
324,324,MGYS00002228,17,PRJNA384402,False,2019-11-07T16:54:18,SRP107375,"Mariam Ashour, Dr. Marwa Azab, Prof. Dr. Ali Ahmed, Suez Canal University",oral metagenome Metagenome,HARVESTED,
325,325,MGYS00002227,3,PRJNA268255,False,2019-11-07T16:54:16,SRP050159,Jazan University,Oral cancer bacteriome - preliminary study Metagenome,HARVESTED,
326,326,MGYS00002226,21,PRJNA320703,False,2019-11-07T16:54:14,SRP075956,University of Vienna,The human oral microbiota and interleukin 8 levels,HARVESTED,10.3389/fmicb.2017.00416
327,327,MGYS00002225,24,PRJNA328521,False,2019-11-07T16:54:12,SRP079075,The University of Auckland,Oral microbiome Raw sequence reads,HARVESTED,10.1371/journal.pone.0169877
328,328,MGYS00002222,250,PRJNA330897,False,2019-11-07T16:54:10,SRP079702,IrsiCaixa Foundation,human oral metagenome Metagenome,HARVESTED,10.1097/md.0000000000005821
329,329,MGYS00002220,24,PRJNA255332,False,2019-11-07T16:54:08,SRP044345,AC Camargo Cancer Center,Alcohol and tobacco consumption affects bacterial richness in oral cavity biofilms,HARVESTED,10.1186/s12866-014-0250-2
330,330,MGYS00002218,6,PRJNA213531,False,2019-11-07T16:54:06,SRP028356,Madurai Kamaraj University,Human oral microbiome,HARVESTED,
331,331,MGYS00002217,57,PRJNA292800,False,2019-11-07T16:54:04,SRP062418,University of Oklahoma,Oral Microbiome Metagenome,HARVESTED,
332,332,MGYS00002187,540,PRJNA383868,False,2019-11-07T16:54:02,SRP104798,J. Craig Venter Institute,Metagenomics of the Microbiome in Oral Health and Disease,HARVESTED,10.3389/fcimb.2021.720637
333,333,MGYS00002176,14,PRJNA386032,False,2019-11-07T16:54:00,SRP106728,Seoul National University,Microbiota between subgingival plaque and gingival tissue in periodontitis,HARVESTED,10.1177/0022034517732754
334,334,MGYS00002174,150,PRJNA248613,False,2019-11-07T16:53:58,SRP050141,Shanghai Jiao Tong University,Human oral microbiota in periodontitis and health,HARVESTED,10.1038/srep09053
335,335,MGYS00002172,1,PRJNA266810,False,2019-11-07T16:53:56,SRP049665,FISABIO,Oral active microbiota of dental caries,HARVESTED,
336,336,MGYS00002171,1,PRJNA243549,False,2019-11-07T16:53:54,SRP040947,"Qibebt,CAS,China",Predictive modeling of early childhood caries via spatial-temporal variations of oral microbiota (Validataion study),HARVESTED,
337,337,MGYS00002170,1,PRJNA243102,False,2019-11-07T16:53:52,SRP040945,"Qibebt,CAS,China",Predictive modeling of early childhood caries via spatial-temporal variations of oral microbiota,HARVESTED,
338,338,MGYS00002165,37,PRJNA330533,False,2019-11-07T16:53:50,SRP078943,Univeristy of Oklahoma,Liyan_caries_2011,HARVESTED,
339,339,MGYS00002154,238,PRJNA321534,False,2019-11-07T16:53:48,SRP075100,Univeristy of Oklahoma,Casey periodontitis 2016,HARVESTED,10.1038/s41396-017-0037-1
340,340,MGYS00002149,6,PRJNA262008,False,2019-11-07T16:53:45,SRP047474,Queen Mary University of London,Carious dentine Genome sequencing,HARVESTED,10.3389/fcimb.2014.00164
341,341,MGYS00002148,92,PRJNA210875,False,2019-11-07T16:53:43,SRP026653,King's College London,Bacterial community development in experimental gingivitis,HARVESTED,10.1128/mbio.03281-20
342,342,MGYS00002147,1,PRJNA184696,False,2019-11-07T16:53:41,SRP022233,"Procter & Gamble Innovation Center, Beijing, China",P&G gingivitis Targeted Locus,HARVESTED,10.1128/mbio.03281-20
343,343,MGYS00001302,41,PRJNA216965,False,2019-11-07T16:53:39,SRP029257,University of Oklahoma,Dental Calculus Metagenome (archaeological),HARVESTED,10.1098/rstb.2019.0573
344,344,MGYS00001301,1,PRJNA284100,False,2019-11-07T16:53:37,SRP058372,Zhejiang University,Supragingival plaque Raw sequence reads,HARVESTED,10.1038/srep17098
345,345,MGYS00001174,28,PRJNA230363,False,2019-11-07T16:53:35,SRP033553,"BIOLS, CAS",Oral Microbiome,HARVESTED,10.1128/msphere.00162-21
346,346,MGYS00005107,6,PRJNA394849,False,2019-11-07T16:53:33,SRP114403,Sapienza Universita' di Roma,NGS approaches to metagenomics of gut microbiome,HARVESTED,
347,347,MGYS00003894,89,PRJNA486437,False,2019-11-07T16:53:31,SRP158183,"National Institute of Parasitic Diseases, Chinese Center for Disease Control and Prevention",feces metagenome,HARVESTED,
348,348,MGYS00003733,1307,PRJNA354235,False,2019-11-07T16:53:29,SRP096283,Harvard School of Public Health,Human gut metagenome and metatranscriptome raw sequence reads.,HARVESTED,10.3389/fmicb.2021.705583
349,349,MGYS00003475,24,PRJNA407815,False,2019-11-07T16:53:28,SRP118697,McDonnell Genome Institute,Microbiome and Worm Infection,HARVESTED,10.1186/s40168-018-0416-5
350,350,MGYS00003441,104,PRJNA419097,False,2019-11-07T16:53:25,SRP125313,The chinese university of Hong Kong,human stool bacteria 16s rDNA v4 region sequencing,HARVESTED,10.1038/s41467-018-06103-6
351,351,MGYS00003191,8,PRJNA244913,False,2019-11-07T16:53:24,SRP041283,University of Cambridge,Impact of experimental Necator americanus infection on human gut microbiota,HARVESTED,
352,352,MGYS00002177,49,PRJNA396275,False,2019-11-07T16:53:22,SRP115612,Massachusetts Institute of Technology,Association between oral and gut microbiota in Periodontal Disease,HARVESTED,10.1080/20002297.2018.1487741
353,353,MGYS00001647,49,PRJDB2036,False,2019-11-07T16:53:20,DRP001277,Laboratory for Intestinal Ecosystem,The prebiotic fructooligosaccharide modulates metabolic dynamics and IgA production in the human gut ecosystem,HARVESTED,
354,354,MGYS00001541,78,PRJNA258387,False,2019-11-07T16:53:18,SRP045568,The Ohio State University,Fecal microbiota of toddlers Metagenome,HARVESTED,10.1371/journal.pone.0113026
355,355,MGYS00001258,30,PRJNA305094,False,2019-11-07T16:53:16,SRP067039,National Centre for Cell Science Pune,Targeted Gene amplicons raw sequence reads,HARVESTED,10.1038/s41598-018-33773-5
356,356,MGYS00001257,271,PRJNA298590,False,2019-11-07T16:53:15,SRP064846,Alkek Center for Metagenomics and Microbiome Research,Homo sapiens fecal microbiome transplant,HARVESTED,10.1038/s41586-018-0616-y
357,357,MGYS00001250,118,PRJNA306016,False,2019-11-07T16:53:11,SRP067522,University of Turin,Metagenome from fecal samples collect from healty human subject during probiotic intervention trial,HARVESTED,
358,358,MGYS00001249,2,PRJNA302437,False,2019-11-07T16:53:10,SRP066323,University of Nebraska-Lincoln,16s-based microbiome metagenome,HARVESTED,10.1152/ajpgi.00044.2015
359,359,MGYS00001220,664,PRJNA263853,False,2019-11-07T16:53:08,SRP049113,Swedish University of Agricultural Sciences,Human gut microbiota from the ALADDIN study,HARVESTED,10.1038/s41586-018-0616-y
360,360,MGYS00001213,18,PRJNA318788,False,2019-11-07T16:53:04,SRP073516,University of Pennsylvania,Human Feces Samples Metagenome,HARVESTED,10.1128/mBio.00322-16
361,361,MGYS00001212,158,PRJNA324825,False,2019-11-07T16:53:00,SRP076281,Emory University,A Longitudinal Study of Pediatric Subjects with Newly Diagnosed Inflammatory Bowel Disease,HARVESTED,10.1186/s13073-016-0331-y
362,362,MGYS00001210,79,PRJNA323360,False,2019-11-07T16:52:56,SRP077632,Los Alamos National Laboratory,Raw sequence reads of human sleep apnea patients gut microbiome,HARVESTED,
363,363,MGYS00001194,210,PRJNA321051,False,2019-11-07T16:52:54,SRP075039,Brigham and Women's Hospital,Alterations of the human gut microbiome in multiple sclerosis,HARVESTED,10.1038/ncomms12015
364,364,MGYS00001190,112,PRJNA317493,False,2019-11-07T16:52:51,SRP073722,University of Michigan,Comparison of the fecal microbiota during variable collection and storage methods,HARVESTED,10.1186/s12866-017-0983-9
365,365,MGYS00001071,43,PRJNA276631,False,2019-11-07T16:52:47,SRP055567,University of Parma,"16S rRNA profiling of ""Allergy"" and ""Healthy"" human faecal samples",HARVESTED,10.1371/journal.pone.0147809
366,366,MGYS00004399,73,PRJNA304249,False,2019-11-07T16:52:45,SRP067029,University of Aveiro,Shallow coastal lagoon Metagenome,HARVESTED,
367,367,MGYS00001248,270,PRJNA280026,False,2019-11-07T16:52:43,SRP065497,The Chinese University of Hong Kong,Human gut environment Targeted loci environmental,HARVESTED,10.1038/s41467-021-23265-y
368,368,MGYS00002301,378,PRJNA389280,False,2019-11-07T16:52:41,SRP115812,Harvard T.H. Chan School of Public Health,Human gut metagenome and metatranscriptome in the inflammatory bowel disease (iHMP/HMP2),HARVESTED,10.1186/s12866-021-02321-z
369,369,MGYS00003908,23,PRJNA487588,False,2019-11-07T16:52:38,SRP158693,Universidad de Antioquia,Children Gut Microbiota 16S,HARVESTED,10.7717/peerj.6200
370,370,MGYS00003180,24,PRJNA316208,False,2019-11-07T16:52:37,SRP078558,University of Cambridge,Changes in duodenal tissue-associated microbiota following hookworm infection and consecutive gluten challenges in humans with coeliac disease,HARVESTED,
371,371,MGYS00002240,4,PRJNA388322,False,2019-11-07T16:52:35,SRP108566,Providence University,16S rDNA sequences of human oral and gut microbiome Raw sequence reads,HARVESTED,10.1038/s41598-017-08679-3
372,372,MGYS00001270,35,PRJNA322917,False,2019-11-07T16:52:33,SRP075726,City of Hope,Intestinal microbiota of the patients with Hirschsprungs disease Raw sequence reads,HARVESTED,10.1371/journal.pone.0162079
373,373,MGYS00001072,781,PRJNA281060,False,2019-11-07T16:52:29,SRP057504,Academic Centre for Dentistry Amsterdam,Human oral or faecal metagenome Raw sequence reads,HARVESTED,10.1128/mBio.01693-15
374,374,MGYS00005105,211,PRJNA510835,False,2019-08-05T14:46:43,SRP173959,NIAID Bioinformatics and Computational Biosciences Branch,The impact of anthelmintic treatment on human gut microbiota in western Kenya: Cross-sectional and pre-post deworming comparisons,HARVESTED,10.1186/s12859-020-03694-0
375,375,MGYS00005086,57,PRJEB33269,False,2019-07-17T11:28:33,ERP116046,EMG,EMG produced TPA metagenomics fasta_path of the Gut metagenomes of rural populations in Cameroon (PRJEB27005) data set.,SUBMITTED,10.1093/nar/gkx967
376,376,MGYS00005076,27,PRJEB24522,False,2019-06-28T14:24:43,ERP106351,UIC,obesity_all,SUBMITTED,
377,377,MGYS00005031,16,PRJEB29790,False,2019-06-17T18:36:16,ERP112139,EMG,EMG produced TPA metagenomics assembly of the Gut microbiome profiling of pediatric patients undergoing stem cell transplantation (gut metagenome) data set.,SUBMITTED,10.1093/nar/gkx967
378,378,MGYS00004728,369,,False,2019-05-14T09:59:32,SRP057027,UPENNBL,"Inflammation, Antibiotics, and Diet as Concurrent Environmental Stressors of the Gut Microbiome in Pediatric Crohn's Disease",HARVESTED,
379,379,MGYS00004712,4945,PRJEB28097,False,2019-05-08T11:37:39,ERP110263,WEIZMANN INSTITUE OF SCIENCE,(1) Personalized microbiome and host features resist gut mucosal colonization by empiric probiotics; (2) Post-antibiotic gut mucosal microbiome reconstitution is impaired by probiotics and improved by autologous FMT,SUBMITTED,10.1186/s40168-021-01015-y
380,380,MGYS00003911,93,PRJEB14782,False,2019-03-06T13:28:34,ERP016451,UCSDMI,Ercolini whole grain feces,SUBMITTED,10.3390/nu13072234
381,381,MGYS00003857,56,PRJEB15057,False,2019-02-25T17:43:59,ERP016748,UCSDMI,Whole-grain wheat consumption reduces inflammation in a randomized controlled trial on overweight and obese subjects with unhealthy dietary and lifestyle behaviors: role of polyphenols bound to cereal dietary fiber,SUBMITTED,10.1093/gigascience/giaa135
382,382,MGYS00003731,37,PRJEB24523,False,2019-02-14T14:16:04,ERP106352,University of Bologna,Gut microbiome response to short term dietary intervention in reactive hypoglycemia subjects,SUBMITTED,
383,383,MGYS00003715,1004,PRJEB25642,False,2019-01-15T11:52:08,ERP107577,"Bioinformatics Lab, Innovation Center",LogMPIE: Landscape Of Gut Microbiome - Pan India Exploration,SUBMITTED,10.1038/sdata.2018.232
384,384,MGYS00003712,59,PRJEB17784,False,2019-01-10T13:56:10,ERP019674,EMBL,The fecal microbiota in L-DOPA naive PD patients,SUBMITTED,10.1073/pnas.2023202118
385,385,MGYS00003609,27,PRJEB26093,False,2018-11-28T13:28:52,ERP108066,EMG,EMG produced TPA metagenomics assembly of the A plaque on both your houses: Exploring the history of urbanisation and infectious diseases through the study of archaeological dental tartar.,SUBMITTED,10.1093/nar/gkx967
386,386,MGYS00003597,28,PRJEB26096,False,2018-11-26T18:55:59,ERP108069,EMG,EMG produced TPA metagenomics assembly of the Oral Microbiome (human oral metagenome) data set.,SUBMITTED,10.1093/nar/gkx967
387,387,MGYS00003592,4,PRJEB26105,False,2018-11-26T18:48:04,ERP108078,EMG,EMG produced TPA metagenomics assembly of the human gut metagenome (human gut metagenome) data set.,SUBMITTED,10.1093/nar/gkx967
388,388,MGYS00003581,4,PRJEB26154,False,2018-11-26T18:38:46,ERP108127,EMG,EMG produced TPA metagenomics assembly of the Healthy human gut virome (human gut metagenome) data set.,SUBMITTED,10.1093/nar/gkx967
389,389,MGYS00003580,10,PRJEB26155,False,2018-11-26T18:34:19,ERP108128,EMG,EMG produced TPA metagenomics assembly of the Fecal Microbiota Transplantation experiments () data set.,SUBMITTED,10.1093/nar/gkx967
390,390,MGYS00003577,9,PRJEB26162,False,2018-11-26T18:24:30,ERP108135,EMG,EMG produced TPA metagenomics assembly of the Functional dynamics of the elderly gut microbiome during probiotic consumption (human gut metagenome) data set.,SUBMITTED,10.1093/nar/gkx967
391,391,MGYS00003486,74,PRJEB25959,False,2018-11-20T14:00:25,ERP107926,EMG,EMG produced TPA metagenomics assembly of the Campus Antibiotics Virome Study () data set.,SUBMITTED,10.1093/nar/gkx967
392,392,MGYS00003484,29,PRJEB29454,False,2018-11-20T12:34:31,ERP111756,LSA-DISTAL-UNIBO,LSA-COMPARE FOOD TRIAL,SUBMITTED,
393,393,MGYS00003480,24,PRJEB26097,False,2018-11-16T14:34:11,ERP108070,EMG,EMG produced TPA metagenomics assembly of the Choice of method for purification of bacterial DNA from faecal material influences community structure as detected by next generation sequencing (gut metagenome) data set.,SUBMITTED,10.1093/nar/gkx967
394,394,MGYS00003479,62,PRJEB24818,False,2018-11-16T13:55:03,ERP106673,EMBL-EBI,EMG produced TPA metagenomics assembly of the Evaluating the Potential of using Next-Generation Sequencing for Direct Clinical Diagnostics of Faecal Samples from Patients with Diarrhoea () data set.,SUBMITTED,10.1093/nar/gkx967
395,395,MGYS00003478,120,PRJEB26277,False,2018-11-16T11:12:01,ERP108251,EMG,EMG produced TPA metagenomics assembly of the Athlete Microbiome Project (AMP) (human gut metagenome) data set.,SUBMITTED,10.1093/nar/gkx967
396,396,MGYS00003476,254,PRJEB26092,False,2018-11-15T23:12:53,ERP108065,EMG,EMG produced TPA metagenomics assembly of the Metagenomics of Japanese gut microbiomes (human gut metagenome) data set.,SUBMITTED,10.1093/nar/gkx967
397,397,MGYS00003469,260,PRJEB26280,False,2018-11-07T13:54:10,ERP108254,EMG,EMG produced TPA metagenomics assembly of the An integrated catalog of reference genes in the human gut microbiome (IGC) data set.,SUBMITTED,10.1093/nar/gkx967
398,398,MGYS00003367,11,PRJEB26833,False,2018-10-25T20:14:24,ERP108860,EMG,EMG produced TPA metagenomics assembly of the Severe gut microbiota dysbiosis is associated with poor growth in patients with short bowel syndrome (human gut metagenome) data set.,SUBMITTED,10.1093/nar/gkx967
399,399,MGYS00003346,63,PRJEB26490,False,2018-10-25T18:57:36,ERP108481,EMG,EMG produced TPA metagenomics assembly of the Human fecal microbiome before and after consumption of AH1206 - Raw sequence reads (human gut metagenome) data set.,SUBMITTED,10.1093/nar/gkx967
400,400,MGYS00003240,97,PRJEB26158,False,2018-10-25T16:35:26,ERP108131,EMG,EMG produced TPA metagenomics assembly of the Human gut microbiome in AS (human gut metagenome) data set.,SUBMITTED,10.1093/nar/gkx967
401,401,MGYS00003204,1,PRJEB26103,False,2018-10-25T16:00:14,ERP108076,EMG,EMG produced TPA metagenomics assembly of the human oral metagenome Raw sequence reads (human oral metagenome) data set.,SUBMITTED,10.1093/nar/gkx967
402,402,MGYS00003203,5,PRJEB26102,False,2018-10-25T15:59:11,ERP108075,EMG,EMG produced TPA metagenomics assembly of the Human sputum and synthetic metagenomic samples (synthetic metagenome) data set.,SUBMITTED,10.1093/nar/gkx967
403,403,MGYS00003199,3,PRJEB25192,False,2018-10-25T15:54:59,ERP107087,EMBL-EBI,EMG produced TPA metagenomics assembly of the gut microbiota from an obese human (SRP012035) data set.,SUBMITTED,10.1093/nar/gkx967
404,404,MGYS00003148,56,PRJEB28700,False,2018-10-04T11:55:12,ERP110943,UNIVERSITY OF CAMBRIDGE,A comprehensive analysis of the faecal microbiome and metabolome of Strongyloides stercoralis infected volunteers from a non-endemic area,SUBMITTED,
405,405,MGYS00003147,35,PRJEB21999,False,2018-10-04T11:23:20,ERP024316,UNIVERSITY OF CAMBRDGE,Infections by human gastrointestinal helminths are associated with changes in faecal microbiota diversity and composition,SUBMITTED,10.1371/journal.pone.0184719
406,406,MGYS00003143,12,PRJEB28701,False,2018-09-26T15:46:12,ERP110944,THE UNIVERSITY OF SYDNEY,Pilot study to compare the effects of high carbohydrate and high fat diets on gut microbiome,SUBMITTED,
407,407,MGYS00003137,48,PRJEB28543,False,2018-09-19T10:20:38,ERP110753,NEW YORK UNIVERSITY SCHOOL OF MEDICINE,"To determine whether there are differences in the intestinal microbiome between treatment-naïve Multiple Sclerosis (MS) subjects and controls, and between Caucasian (CA), Hispanic (HA), and African American (AA) MS subjects.",SUBMITTED,10.1038/s41598-019-52894-z
408,408,MGYS00003135,1,PRJEB1781,False,2018-09-19T09:49:46,ERP002465,SC,Human_infections_with_the_whipworm__Trichuris_trichiura__are_not_associated_with_alterations_in_the_faecal_microbiota_,SUBMITTED,10.1371/journal.pone.0076573
409,409,MGYS00002961,191,PRJEB28237,False,2018-09-10T08:42:42,ERP110418,CENTRE DE RECHERCHE EN INFECTIOLOGIE DE L'UNIVERSITE LAVAL,Culture-enriched human gut microbiomes reveal core and accessory resistance genes,SUBMITTED,10.1186/s40168-019-0669-7
410,410,MGYS00002690,12,PRJEB24777,False,2018-07-31T11:21:31,ERP106629,EMBL-EBI,EMG produced TPA metagenomics assembly of the Infant fecal microbiome related to eczema (human gut metagenome) data set.,SUBMITTED,10.1093/nar/gkx967
411,411,MGYS00002687,6,PRJEB24778,False,2018-07-31T10:27:06,ERP106630,EMBL-EBI,EMG produced TPA metagenomics assembly of the Human Faecal Samples Raw sequence reads (human gut metagenome) data set.,SUBMITTED,10.1093/nar/gkx967
412,412,MGYS00002685,15,PRJEB25193,False,2018-07-31T09:21:32,ERP107088,EMBL-EBI,EMG produced TPA metagenomics assembly of the Metagenomics analysis of donor and recepient samples from fecal transplant for Recurrent Clostridium difficile infection () data set.,SUBMITTED,10.1093/nar/gkx967
413,413,MGYS00002677,36,PRJEB24779,False,2018-07-27T11:20:45,ERP106631,EMBL-EBI,EMG produced TPA metagenomics assembly of the preterm infant gut metagenomes (NIH Y4 Cohort) (human gut metagenome) data set.,SUBMITTED,10.1093/nar/gkx967
414,414,MGYS00002587,60,PRJEB27013,False,2018-07-23T14:49:32,ERP109049,Unilever,Microbiome of supragingival plaque from healthy volunteers,SUBMITTED,
415,415,MGYS00002480,53,PRJEB24497,False,2018-07-02T15:00:37,ERP106326,Latvian Biomedical Research and Study Centre,Association of metformin administration with gut microbiome dysbiosis in healthy volunteers,SUBMITTED,10.1371/journal.pone.0204317
416,416,MGYS00002436,92,PRJEB24848,False,2018-06-21T11:06:12,ERP106707,EMBL-EBI,EMG produced TPA metagenomics assembly of the Characterization of the distal gut microbiota in obese patients following a weight-loss intervention using whole metagenome shotgun sequencing (human gut metagenome) data set.,SUBMITTED,10.1093/nar/gkx967
417,417,MGYS00002434,75,PRJEB27307,False,2018-06-20T09:08:58,ERP109375,TMU-RCCTM,DEHP Alters Gut Microbiota in Human Neonates,SUBMITTED,10.1016/j.fct.2019.110700
418,418,MGYS00002431,59,PRJEB25191,False,2018-06-19T12:19:46,ERP107086,EMBL-EBI,EMG produced TPA metagenomics assembly of the The fecal microbiota in L-DOPA naive PD patients (PD-GER) data set.,SUBMITTED,10.1093/nar/gkx967
419,419,MGYS00002430,156,PRJEB25190,False,2018-06-19T10:54:13,ERP107085,EMBL-EBI,EMG produced TPA metagenomics assembly of the Gut microbiome development along the colorectal adenoma-carcinoma sequence (AT_CRC) data set.,SUBMITTED,10.1093/nar/gkx967
420,420,MGYS00002419,38,PRJEB24791,False,2018-06-14T08:50:55,ERP106644,EMBL-EBI,EMG produced TPA metagenomics assembly of the Microbiome study of the RISK cohort (human gut metagenome) data set.,SUBMITTED,10.1093/nar/gkx967
421,421,MGYS00002418,55,PRJEB24775,False,2018-06-13T14:53:06,ERP106627,EMBL-EBI,EMG produced TPA metagenomics assembly of the Durable coexistence of donor and recipient strains after fecal microbiota transplantation (Impact of faecal microbiota transplantation on the intestinal microbiome in metabolic syndrome patients) data set.,SUBMITTED,10.1093/nar/gkx967
422,422,MGYS00002417,110,PRJEB24766,False,2018-06-13T10:59:38,ERP106618,EMBL-EBI,"EMG produced TPA metagenomics assembly of the Reproducibility of associations between the human gut microbiome and colorectal cancer assessed in a patient population from Washington, DC, USA (Colorectal cancer and the human gut microbiome) data set.",SUBMITTED,10.1093/nar/gkx967
423,423,MGYS00002415,128,PRJEB24748,False,2018-06-13T09:23:32,ERP106599,EMBL-EBI,EMG produced TPA metagenomics assembly of the Metagenomic analysis of fecal microbiome as a tool towards targeted non-invasive biomarkers for colorectal cancer (Metagenomic analysis of fecal microbiome as a tool towards targeted non-invasive biomarkers for colorectal cancer) data set.,SUBMITTED,10.1093/nar/gkx967
424,424,MGYS00002411,97,PRJEB24527,False,2018-06-12T16:26:26,ERP106357,EMBL-EBI,EMG produced TPA metagenomics assembly of the human gut Metagenome (human gut metagenome) data set.,SUBMITTED,10.1093/nar/gkx967
425,425,MGYS00002408,8,PRJEB27182,False,2018-06-12T12:23:53,ERP109235,NTNU,Pilot study comparing yield from 16srRNA sequencing from frozen tissue vs. formalin-fixed paraffin-embedded (FFPE) tissue from the ileum and colon,SUBMITTED,
426,426,MGYS00002400,194,PRJDB4461,False,2018-06-08T14:27:28,DRP003098,TOHOKU,Comparison of DNA extraction methods for oral bacterial 16S rRNA-V4 sequencing using healthy Japanese adult samples,HARVESTED,
427,427,MGYS00002397,83,PRJEB27076,False,2018-06-08T13:36:21,ERP109116,NTNU,Mucosal microbiome and 5-ASA concentration in the left hemicolon and rectum in patients with quiescent ulcerative colitis,SUBMITTED,
428,428,MGYS00002396,170,PRJDB3518,False,2018-06-08T11:50:04,DRP002688,TOHOKU,Oral bacterial 16S rRNA-V4 sequencing of three Japanese adults sampled in multiple time points during a day,HARVESTED,
429,429,MGYS00002360,947,PRJEB5726,False,2018-04-26T10:21:40,ERP005150,CCME-COLORADO,Flores_tongue_EBI,SUBMITTED,10.1128/mbio.03281-20
430,430,MGYS00002359,24,PRJEB6052,False,2018-04-26T09:58:58,ERP005514,School of Criminal Justice,Human identification through analysis of the salivary microbiome,SUBMITTED,
431,431,MGYS00002358,44,PRJDB4192,False,2018-04-26T09:53:43,DRP003845,KYOTO_GM,Core function of microbiota in peri-implantitis and periodontitis,HARVESTED,
432,432,MGYS00002357,278,PRJEB2961,False,2018-04-26T09:29:11,ERP001346,CCME-COLORADO,Nurture trumps nature in a longitudinal survey of salivary bacterial communities in twins from early adolescence to early adulthood,SUBMITTED,10.1101/gr.140608.112
433,433,MGYS00002356,66,PRJDB4202,False,2018-04-26T09:25:07,DRP003793,TOHOKU,Oral bacterial 16S rRNA-V4 sequencing of four Japanese adults in multiple conditions of sample storage,HARVESTED,10.1038/s41467-019-13836-5
434,434,MGYS00002355,2344,PRJDB4107,False,2018-04-26T09:01:59,DRP003041,KYUSHU,Population-based study on salivary microbiome of Japanese adults,HARVESTED,10.1186/s12967-020-02291-2
435,435,MGYS00002354,63,PRJDB3451,False,2018-04-26T09:00:41,DRP002882,KYUSHU,"Salivary microbiota of Japanese orally healthy adults, pool 4",HARVESTED,
436,436,MGYS00002353,66,PRJDB3452,False,2018-04-26T08:33:32,DRP002880,KYUSHU,"Salivary microbiota of Japanese orally healthy adults, pool 5",HARVESTED,
437,437,MGYS00002352,37,PRJDB2877,False,2018-04-26T08:29:51,DRP002430,KYUSHU,"Salivary microbiota of Japanese orally healthy adults, pools 1 and 2",HARVESTED,
438,438,MGYS00002351,51,PRJDB2878,False,2018-04-26T08:22:34,DRP002429,KYUSHU,"Salivary microbiota of Japanese orally healthy adults, pool 3",HARVESTED,
439,439,MGYS00002350,52,PRJDB2879,False,2018-04-26T08:20:07,DRP002428,KYUSHU,Salivary microbiota of orally healthy adults in South Korea,HARVESTED,10.1186/s12967-020-02291-2
440,440,MGYS00002339,15,PRJEB24076,False,2018-04-13T11:11:59,ERP105876,EMBL-EBI,EMG produced TPA metagenomics assembly of the The microbial colonization of the intestine during the first months of life constitutes the most important process for the microbiota-induced host-homeostasis.,SUBMITTED,
441,441,MGYS00002338,305,PRJEB24529,False,2018-04-13T09:41:02,ERP106359,EMBL-EBI,EMG produced TPA metagenomics assembly of the Liver cirrhosis occurs as a consequence of many chronic liver diseases that are prevalent worldwide.,SUBMITTED,10.1093/nar/gkx967
442,442,MGYS00002331,6,PRJEB24528,False,2018-04-11T18:15:40,ERP106358,EMBL-EBI,EMG produced TPA metagenomics assembly of the Compositional_dynamics_of_intestinal_spore_forming_bacteria (Compositional_dynamics_of_intestinal_spore_forming_bacteria) data set.,SUBMITTED,10.1093/nar/gkx967
443,443,MGYS00002275,117,PRJNA386079,False,2018-03-01T09:10:10,SRP106767,Queen Mary University of London,Effect of chewing gum on the oral microbiome,HARVESTED,
444,444,MGYS00002245,9,PRJEB5215,False,2018-02-16T08:34:18,ERP004595,UGHENT,Development of an oral mucosa model to study host-microbiome interactions during wound healing,SUBMITTED,
445,445,MGYS00002242,135,PRJDB3211,False,2018-02-15T08:32:41,DRP003100,UT_COB,"16S amplicon sequence analysis of microbial communities in the oral cavity, stomach and gut",HARVESTED,10.1038/ctg.2015.20
446,446,MGYS00002241,18,PRJEB12522,False,2018-02-15T08:31:00,ERP014011,"Faculty of Dentistry,Departtment of Oral Biology",MICROBIOLOGICAL AND BIOINFORMATICS ANALYSIS OF PRIMARY SJOGREN'S SYNDROME PATIENTS WITH NORMAL SALIVATION,SUBMITTED,10.3402/jom.v8.31119
447,447,MGYS00002239,1,PRJEB13941,False,2018-02-15T08:26:39,ERP015528,FISABIO - Public Health,Temporal stability of the salivary microbiome and its association with salivary markers of oxidative stress,SUBMITTED,
448,448,MGYS00002216,162,PRJNA167398,False,2018-02-14T13:47:08,SRP013615,UMIGS,Effect of oral immunization with the Ty21a typhoid vaccine on local and systemic immune responses and the gut microbiota in adults,HARVESTED,
449,449,MGYS00002215,23,PRJNA84223,False,2018-02-14T13:02:27,SRP010933,PHSA Labs,"Human oral microbiome (root canal, apical abscess, and oral cavity) Targeted Locus",HARVESTED,
450,450,MGYS00002214,12,,False,2018-02-14T13:01:50,SRP009440,University of Connecticut,Using High Throughput Sequencing to Understand the Biodiversity of Oral Bacterial Communities,HARVESTED,
451,451,MGYS00002213,76,PRJNA73017,False,2018-02-14T12:31:41,SRP008130,Yale University,Oral cavity microbiome analysis vs. pneumonia risk,HARVESTED,
452,452,MGYS00002212,29,,False,2018-02-14T12:02:29,SRP000913,MBL,Defining a core microbial community of healthy human oral cavity,HARVESTED,
453,453,MGYS00002210,96,PRJEB4953,False,2018-02-14T11:16:30,ERP004294,SECONDGENOME,"This study develops a framework for exploiting the oral microbiome for monitoring oral cancer development, progression and recurrence.",SUBMITTED,10.3389/fcimb.2021.720637
454,454,MGYS00002207,104,PRJEB24843,False,2018-02-14T10:32:15,ERP106702,GUH,The intestinal microbiota predisposes to the occurrence of traveller's diarrhoea and to the carriage of multidrug-resistant Enterobacteriaceae after travelling to tropical regions.,SUBMITTED,10.1080/19490976.2018.1564431
455,455,MGYS00002188,72,PRJEB6047,False,2018-02-05T09:54:27,ERP005509,UNIVERSITY OF WATERLOO,Community structure analysis in chronic periodontitis and novel oral sampling sites for detecting disease indicators,SUBMITTED,10.3389/fcimb.2021.663756
456,456,MGYS00002184,1968,PRJEB19825,False,2018-01-31T09:01:27,ERP021896,UCSDMI,Moving pictures of the human microbiome,SUBMITTED,10.1016/j.csbj.2021.07.009
457,457,MGYS00002150,10,PRJNA314503,False,2018-01-22T16:57:25,SRP071254,Federal University of Rio de Janeiro,Microbiome of deep dentinal caries lesions associated with symptomatic irreversible pulpitis,HARVESTED,10.1371/journal.pone.0154653
458,458,MGYS00002146,87,,False,2018-01-22T16:22:19,SRP009299,Oak Ridge National Laboratory,Distinct and Complex Bacterial Profiles in Human Periodontitis and Health  Revealed by 16S Pyrosequencing,HARVESTED,10.1038/ismej.2011.191
459,459,MGYS00002143,9,PRJEB24453,False,2018-01-22T14:20:16,ERP106280,UNIVERSITY OF BRITISH COLUMBIA,Coral and human-associated micro-eukaryotes.,SUBMITTED,
460,460,MGYS00002139,96,PRJEB24411,False,2018-01-22T09:08:29,ERP106237,MASARYK UNIVERSITY,DNA isolation and sampling kits comparison,SUBMITTED,10.1038/s41598-019-49520-3
461,461,MGYS00002138,86,PRJEB24421,False,2018-01-18T14:24:21,ERP106248,TUM,Effect of Yoga and low-FODMAP diet in the intestinal microbiota of patients with IBS,SUBMITTED,
462,462,MGYS00002081,110,PRJEB23524,False,2017-12-13T09:21:01,ERP105282,MIT,WGS data from FMT trial for the treatment of recurrent Clostridium difficile infection,SUBMITTED,10.1089/crispr.2018.0046
463,463,MGYS00002064,83,PRJEB23489,False,2017-11-27T09:21:41,ERP105247,MIT,16S data from FMT trial for the treatment of recurrent Clostridium difficile infection,SUBMITTED,10.1016/j.chom.2018.01.003
464,464,MGYS00002060,37,PRJEB22552,False,2017-11-24T16:47:08,ERP104233,EMG,EMG produced TPA metagenomics assembly of the Human Gut Microbiome Metagenome (human gut metagenome) data set,SUBMITTED,
465,465,MGYS00002057,2,PRJEB22549,False,2017-11-24T16:46:52,ERP104230,EMG,EMG produced TPA metagenomics assembly of the Evaluation of vertical transmission between mother-infant (human gut metagenome) data set,SUBMITTED,
